3308 5190
857 527 891 582 64

310 699 452 762 Avidium
476 703 608 764 Cassium
633 707 809 766 convicimus
822 706 854 781 ¹).
880 741 920 749 -
945 706 1006 766 Iam
1030 725 1088 782 quo
1108 722 1228 767 munere
1250 704 1304 764 tibi
1326 703 1447 764 functus

311 835 376 880 esse
392 818 508 880 videtur
520 818 639 879 Cassius
663 820 712 880 illo
735 821 888 895 tempore?
933 821 966 880 ln
982 825 1122 898 promptu
1140 824 1184 882 est
1208 820 1351 897 conicere,
1375 818 1446 880 llas-

311 933 386 992 sinm
416 935 568 994 comitis
592 934 761 1012 Augusti
789 955 907 997 munere
930 935 1062 996 functum
1086 956 1104 998 a
1126 937 1161 998 L.
1185 936 1263 996 Vero
1286 933 1447 995 maioribus

312 1049 404 1124 copiis
433 1046 615 1125 praefectum
639 1068 714 1110 esse.
759 1050 886 1112 Comites
910 1052 986 1112 enim
1017 1051 1144 1128 Augusti
1167 1053 1218 1127 qni
1257 1051 1448 1111 nominantur

310 1164 473 1239 principem
497 1165 527 1224 ln
542 1161 695 1226 itineribus
719 1166 853 1227 solebant
876 1168 1026 1243 prosequi.
1066 1166 1165 1243 Atque
1181 1185 1246 1226 cum
1270 1183 1333 1225 mos
1356 1169 1444 1246 esset,

310 1281 343 1338 ut
373 1279 483 1355 singuli
516 1279 742 1358 designarentur
780 1282 817 1342 ad
853 1282 970 1359 singula
999 1283 1104 1342 itinera
1131 1283 1221 1358 atque
1251 1278 1284 1341 rit
1303 1281 1447 1357 singulari

310 1395 454 1473 principis
478 1394 614 1456 mandato
636 1396 806 1457 iuberentur
829 1398 901 1472 quid
923 1401 1053 1476 agerent,
1076 1397 1250 1472 plerumque
1263 1396 1322 1455 iuri
1344 1395 1445 1456 dicuu-

311 1508 348 1569 do
377 1509 426 1570 vel
455 1510 521 1570 aliis
548 1510 712 1570 rationibus
743 1506 985 1572 administrandis
1017 1529 1136 1587 operam
1164 1510 1324 1571 navabant.
1386 1509 1447 1572 Sed

311 1624 451 1686 militares
482 1643 599 1702 quoque
627 1642 675 1685 res
705 1642 755 1685 eos
789 1627 886 1702 egisse
914 1629 1004 1687 testes
1028 1629 1106 1704 sunt,
1136 1630 1169 1685 ut
1196 1625 1288 1685 Marci
1316 1629 1445 1686 aetatem

311 1740 513 1819 respiciamus,
548 1741 627 1800 tituli
663 1740 844 1801 Henzeniani
881 1741 977 1821 5478,
1018 1741 1114 1820 5479,
1150 1740 1316 1802 Orellianns
1347 1741 1446 1820 3186,

310 1854 342 1912 in
370 1853 478 1930 quibus
509 1854 588 1915 obvii
613 1859 681 1915 sunt
703 1854 843 1917 Claudius
866 1855 987 1937 Fronto,
1012 1856 1169 1917 Vitrasiius
1190 1856 1295 1936 Pollio,
1319 1856 1445 1916 Pontius

260 1993 263 2000 ⁴
311 1968 469 2029 Laelianus
479 1965 514 2051 ²).
546 2003 587 2012 —-
618 1968 718 2042 Quare
747 1972 834 2032 etiam
864 1970 1002 2030 Avidium
1031 1970 1164 2033 Cassium
1192 1971 1244 2031 illa
1274 1974 1370 2032 aetate
1397 1989 1446 2031 co-

312 2085 411 2144 mitem
434 2084 562 2162 Augusti
585 2083 676 2147 luisse
699 2088 801 2169 nostro
823 2088 886 2148 inre
908 2104 1122 2147 asseveramus.
1176 2087 1282 2163 Neque
1303 2086 1446 2163 neglegas

312 2198 406 2259 locum
430 2200 577 2277 quendam
600 2200 766 2282 1155151113),
790 2221 826 2262 ex
848 2221 906 2278 quo
929 2204 1063 2278 sequitur
1077 2202 1210 2262 Cassium
1233 2203 1264 2261 iu
1285 2201 1364 2262 bello
1386 2204 1446 2262 ter-

311 2310 382 2376 tiam
411 2315 555 2392 legionem
586 2314 715 2377 duxisse.
761 2314 859 2392 Atque
888 2318 965 2377 banc
995 2317 1139 2394 legionem
1162 2317 1322 2393 praecipue
1344 2317 1372 2375 ei
1395 2317 1445 2376 de-

312 2429 402 2490 ditam
425 2429 516 2492 fuisse
539 2431 617 2491 tituli
639 2432 751 2508 aliquot
774 2433 804 2491 iu
827 2432 913 2508 Syria
935 2433 1044 2509 reperti
1065 2431 1180 2513 docent,
1205 2449 1384 2509 quamquam
1407 2431 1447 2492 ad

311 2546 503 2622 posteriorem
526 2544 622 2608 Cassii
644 2550 770 2607 aetatem
793 2548 940 2623 pertinent
949 2544 984 2626 4).

420 2771 448 2840 1)
466 2770 583 2826 Praeter
607 2771 674 2826 alias
697 2770 766 2826 haec
790 2786 902 2840 qnoque
927 2775 971 2825 est
995 2786 1088 2839 causa,
1116 2787 1166 2824 cun
1189 2771 1275 2825 Marci
1299 2771 1446 2839 epistolam

313 2859 365 2925 „ad
383 2858 556 2928 praetectum
568 2863 665 2914 suum“
684 2861 794 2914 missam
814 2859 874 2928 (vit.
887 2857 974 2914 Avid.
989 2861 1066 2915 Cass.
1080 2877 1104 2914 c.
1117 2863 1142 2929 5,
1155 2862 1173 2916 4
1185 2863 1258 2930 sqq.)
1270 2860 1369 2916 falsam
1383 2877 1445 2916 esse

310 2949 479 3016 iudicemus3
504 2965 567 3003 nam
589 2949 677 3004 verba
695 2965 766 3020 quae
781 2953 905 3005 exstant:
927 2948 1050 3016 „Avidio
1064 2951 1162 3006 Cassio
1176 2951 1303 3020 legiones
1316 2949 1446 3020 Syriacas

312 3038 378 3093 dedi
396 3037 555 3094 diffluentes
573 3039 683 3092 luxuria
703 3043 732 3093 51
748 3039 869 3093 Dafnitis
888 3039 1012 3093 moribus
1032 3044 1175 3110 agentes“,
1194 3056 1251 3094 non
1269 3046 1388 3109 possunt
1405 3039 1445 3093 in-

311 3127 414 3198 tellegi,
433 3127 541 3196 opinor,
560 3127 614 3181 nisi
632 3126 667 3181 de
685 3127 827 3196 legatione
846 3127 935 3183 Cassii
954 3127 1071 3198 cogitas.

418 3217 447 3284 2)
465 3216 576 3270 Titulos
587 3217 710 3271 Hennen.
730 3218 800 3271 5478
819 3216 865 3285 (=
879 3217 910 3271 C.
924 3218 950 3272 7.
969 3219 1000 3271 L.
1014 3218 1055 3272 VI
1069 3217 1159 3285 1377),
1178 3217 1248 3272 5479
1267 3218 1314 3286 (=
1328 3217 1359 3272 O.
1372 3217 1398 3271 J.
1412 3219 1443 3270 L.

311 3303 457 3372 1111457),
476 3304 558 3359 Orell.
572 3307 643 3360 3186
663 3305 706 3373 (=
722 3305 752 3359 C.
766 3305 793 3359 J.
807 3307 839 3359 L.
852 3306 894 3359 Vl
908 3307 988 3374 1497)
999 3307 1055 3360 vid.
1069 3306 1131 3360 infr.
1145 3305 1200 3360 Tit.
1214 3323 1240 3359 n.
1253 3307 1297 3360 44,
1310 3307 1354 3362 45.
1364 3306 1444 3362 43.-

311 3393 354 3448 115
374 3392 504 3446 comitum
522 3391 649 3462 Augusti
668 3390 768 3447 51115115
788 3393 837 3446 cir.
857 3409 928 3463 qnae
948 3394 1102 3463 disputavit
1114 3396 1301 3450 Mommsenus
1326 3395 1445 3448 Hermae

310 3480 366 3535 vol.
385 3481 427 3535 VI
445 3497 472 3550 p.
492 3482 544 3538 120
562 3497 623 3552 sqq.
650 3514 683 3522 —
709 3482 845 3539 Comitem
863 3485 895 3537 L.
914 3484 983 3538 Veri
1001 3483 1089 3540 luisse
1109 3483 1235 3539 Cassium
1254 3483 1443 3538 5115510155-

310 3569 366 3623 lina
384 3570 523 3626 existimat
541 3571 570 3640 (l.
590 3588 614 3625 c.
633 3588 660 3639 p.
678 3571 744 3648 41).Ι

418 3659 447 3726 3)
465 3659 534 3712 Luc.
553 3674 646 3727 quom.
664 3658 728 3713 hist.
746 3661 817 3724 531:
838 3665 950 3716 ...καὶ
971 3664 1122 3731 adscitur
1140 3660 1237 3731 τάγμα
1260 3663 1311 3712 καὶ
1333 3661 1444 3712 511111-

312 3746 356 3799 roi
377 3748 427 3798 καὶ
444 3745 581 3813 Μαύρων
599 3756 692 3818 μοῖρα
713 3745 794 3818 o’tiyq
816 3751 870 3800 σὺν
885 3751 1005 3818 Κασσίῳ
1025 3747 1130 3805 πάντες
1150 3737 1233 3799 οὗτοι
1257 3745 1445 3814 ἐπεραιώθη-

312 3848 368 3884 σαν
388 3835 439 3887 τόν
457 3831 553 3887 Ἰνδόν
578 3831 722 3904 ποταμόν.
745 3861 780 3872 —-
805 3833 862 3887 Vix
885 3833 1045 3888 addendum
1069 3833 1177 3902 opinor,
1206 3848 1278 3902 quae
1303 3833 1444 3887 Lucienus

311 3921 430 3990 scripsit,
448 3937 505 3975 non
522 3921 597 3976 sacta
615 3938 678 3978 esse
697 3937 726 3976 re
745 3937 821 3991 vcra,
840 3921 892 3978 sed
909 3924 1031 3977 conficta
1047 3927 1153 3977 tantum
1166 3937 1183 3976 a
1195 3922 1332 3990 scriptore
1351 3921 1444 3989 aliquo

310 4010 378 4065 belli
395 4009 517 4064 Parthici
535 4026 552 4064 a
569 4011 695 4066 Lucieno
714 4011 894 4080 reprehenso.

418 4098 446 4167 4)
466 4096 515 4152 cfr.
533 4098 726 4168 Waddington
749 4115 775 4152 n.
795 4100 873 4156 2438.
893 4101 971 4156 2525.
991 4101 1069 4155 2528.
1094 4130 1128 4138 -
1147 4097 1258 4154 Conicit
1275 4097 1377 4152 Wadd.
1396 4097 1444 4165 (ad

310 4203 337 4240 n.
357 4187 448 4256 2525),
467 4187 522 4256 leg.
546 4188 589 4248 ΙΙΙ
608 4187 742 4242 Gallicam
767 4204 830 4242 cnm
849 4188 947 4243 Cassio
972 4191 1073 4257 postca
1097 4192 1195 4242 contra
1212 4187 1336 4241 Marcum
1354 4183 1443 4240 rebel-

310 4275 392 4329 lasse.
429 4275 615 4340 Quamobrem
645 4293 746 4332 nomeu
773 4277 894 4347 legionis
922 4277 951 4331 in
973 4277 1015 4332 tit.
1040 4278 1110 4334 2438
1136 4292 1246 4332 erasnm
1271 4279 1322 4329 est.
1365 4273 1444 4328 Idem

310 4365 387 4420 valet
404 4365 432 4419 in
452 4364 522 4418 alios
540 4364 648 4435 aliquot
664 4365 762 4420 titulos
780 4365 817 4419 cd
834 4365 975 4436 legionem
993 4364 1069 4419 illam
1086 4363 1273 4432 pertinentes:
1296 4359 1398 4416 Wadd.
1416 4377 1443 4416 n.

312 4454 391 4528 1845,
410 4455 488 4527 2445,
508 4452 625 4528 24131,
644 4454 675 4509 O.
696 4454 723 4512 J.
742 4454 776 4514 G.
799 4455 879 4514 4548.
917 4454 1022 4514 Contra
1046 4453 1161 4512 retinuit
1178 4467 1280 4508 nomeu
1298 4449 1327 4508 in
1345 4447 1443 4508 titulis:
