3280 5190
818 503 853 568 24

272 690 437 754 fabularum
457 694 595 772 scriptor,
621 693 755 754 floruisse
771 710 803 776 se
815 693 930 754 Sosemi
944 693 1134 771 temporibus,
1156 693 1284 770 reginen
1299 709 1407 772 genere

272 807 554 870 Achaemenidarum
578 811 667 884 atque
679 807 889 868 Arsacidarum
913 808 984 886 nati,
1016 807 1066 882 qui
1088 807 1197 868 Romae
1220 809 1249 866 in
1274 811 1405 868 senatum

270 927 407 1000 receptus
435 927 524 999 atque
548 923 650 982 consul
680 921 776 983 fuctus
798 926 902 998 postea
925 922 1081 982 Armeniae
1104 923 1229 1000 Magnae
1252 940 1305 981 rex
1328 926 1405 982 esset

270 1040 440 1118 restitutus3
478 1039 588 1098 Romae
609 1041 688 1109 ¹tuuc
715 1037 895 1097 Antoninum
906 1038 927 1112 ¹)
957 1039 1129 1117 imperasse,
1165 1039 1215 1113 qui
1238 1038 1273 1097 L.
1297 1038 1404 1098 Verum

271 1154 392 1215 fratrem
416 1153 598 1228 eundemque
621 1171 762 1230 generum
786 1153 824 1214 ad
846 1140 955 1213 bellum
967 1151 1109 1214 adversus
1131 1152 1325 1230 Vologaesum
1356 1171 1405 1229 ge-

268 1271 389 1332 rendum
402 1269 539 1328 misisset.
558 1300 599 1312 —
621 1268 731 1330 Eodem
743 1271 878 1345 spectant
890 1268 981 1328 verba
996 1267 1101 1328 Suidae
1114 1269 1150 1344 (s.
1163 1287 1192 1328 v.
1206 1263 1401 1347 Moiprmcfl),

269 1386 376 1463 quibus
407 1385 624 1444 demonstratur
654 1385 778 1444 Martius
816 1384 911 1444 Verus
941 1385 1054 1443 misisse
1084 1383 1288 1460 Thucydidem
1312 1402 1402 1459 quen·

268 1502 345 1581 dem,
380 1503 412 1560 ut
436 1500 587 1561 Soaemum
610 1501 640 1559 in
662 1489 831 1559 Armeniam
852 1499 1016 1558 reduceret.
1054 1531 1096 1541 -
1119 1497 1218 1574 Atque
1241 1499 1402 1559 rectissime

267 1636 304 1678 ex
332 1617 432 1677 verbis
455 1593 523 1675 illis
537 1614 617 1691 apud
639 1615 775 1674 Photium
800 1618 829 1673 et
852 1615 931 1690 apud
955 1614 1074 1674 Suidam
1098 1615 1264 1691 conspicuis
1287 1614 1401 1675 conclu-

267 1735 305 1792 sit
328 1732 527 1810 Eckhelius³)‚
558 1731 710 1791 Soaemum
740 1729 820 1788 illum
851 1731 908 1789 iam
931 1733 1019 1789 antea
1047 1730 1077 1788 in
1101 1729 1240 1790 Armenia
1261 1747 1402 1806 regnasse

266 1853 355 1925 etque
378 1848 532 1924 expulsum
556 1845 703 1905 aParthis
726 1844 822 1925 tunc⁴)
846 1865 864 1904 a
884 1844 962 1904 Vero
986 1861 1050 1904 esse
1070 1846 1244 1925 restitutum,
1269 1845 1401 1905 adnotat-

266 1984 323 2041 que
346 1965 392 2022 vir
414 1962 680 2040 praeclarissimus,
705 1960 849 2036 siquidem
865 1960 957 2020 verba
968 1959 1164 2020 transcribere
1176 1959 1261 2020 licet:
1288 1960 1399 2031 „Hemi

268 2098 357 2156 quam
381 2082 483 2139 tenues
513 2077 624 2136 rivulos
653 2093 762 2151 eosque
791 2074 852 2136 fere
882 2075 1041 2136 lutulentos
1070 2075 1204 2134 iubemur
1228 2076 1399 2154 consectari,

1310 2185 1328 2221 0

267 2283 315 2334 ἐπὶ
333 2283 472 2349 Σοαίμου
498 2282 550 2332 τοῦ
570 2277 778 2349 Ἀχαιμενίδου
803 2282 855 2332 τοῦ
874 2275 1060 2346 Ἀρσακίδου,
1091 2273 1123 2337 ὃς
1149 2280 1284 2345 βασιλευς
1309 2275 1343 2343 ἤν
1367 2281 1399 2333 ἐκ

267 2371 402 2436 πατέρων
422 2369 578 2432 βασιλέων,
610 2368 714 2434 γε’γονε
733 2363 765 2418 δὲ
792 2364 873 2435 ὅμως
894 2369 945 2416 καὶ
973 2365 1023 2427 τιῐς
1047 2365 1209 2435 συγκλήτου
1228 2368 1332 2434 βουλῆς
1351 2371 1399 2430 τῆς

267 2455 299 2507 ἐν
313 2452 410 2521 Ῥώμῃ
432 2449 484 2504 καί·
500 2450 610 2507 ὕπατος
628 2447 671 2512 δέ,
697 2449 758 2502 εἶτα
784 2454 835 2502 καὶ
854 2439 994 2519 βασιλείς
1013 2449 1102 2503 πάλιν
1127 2454 1176 2515 τῆς
1194 2449 1320 2524 μεγάλης
1336 2452 1400 2523 ’Ap-

269 2543 384 2612 μενίας·
409 2541 458 2590 ἐπὶ
486 2537 591 2590 τούτου
615 2539 691 2606 γοῦν
710 2535 844 2608 α’κμιίσαι
863 2541 957 2606 φησὶν
981 2535 1096 2591 ἔαυτόν·
1110 2537 1266 2607 Ῥωμαίων
1284 2537 1315 2592 dl
1332 2538 1400 2592 δια-

267 2625 411 2698 λαμβάνει
426 2623 593 2693 βασιλεύειν
613 2623 798 2678 Ἀντωνῖνον·
822 2628 874 2676 καὶ
894 2623 939 2678 ὅτε
956 2625 1141 2688 Ἀντωνῖνος,
1161 2631 1263 2695 φησίν,
1284 2627 1399 2697 Οιίιῖρον

266 2716 318 2765 τον
339 2709 543 2777 αὐτοκράτορα
568 2715 618 2762 καὶ
640 2709 770 2780 dorequo
794 2717 845 2764 καὶ
873 2711 1012 2778 κηδεσταῖν
1035 2712 1147 2780 ἔπεμψε
1166 2714 1336 2783 Βολυγαίσῳ
1361 2717 1399 2782 τῷ

266 2803 438 2868 Παρθυαίῳ
457 2797 670 2865 πολεμήσοντα,
703 2799 742 2857 ὥς
761 2798 850 2857 αὐτός
869 2815 896 2851 τε
916 2802 1053 2868 προείποι
1073 2803 1124 2851 καί
1136 2800 1187 2852 edu
1196 2798 1334 2869 πόλεμον,
1353 2799 1399 2852 ὅτι

265 2886 432 2956 γενήσεται,
460 2887 511 2936 καὶ
538 2881 608 2936 ὅποι
633 2883 805 2948 τελευτήσω·
831 2888 882 2936 καὶ
909 2883 955 2936 ὅτι
981 2883 1163 2954 Βολόγαισος
1181 2885 1238 2954 μὲν
1257 2885 1329 2952 ὑπὲρ
1349 2886 1399 2936 τον

265 2971 435 3041 Ειίφρα’την
455 2974 506 3024 καὶ
531 2974 634 3040 Τίγριν
656 2971 775 3041 ἔφυγεν,
795 2970 811 3034 ἤ
831 2968 863 3024 δὲ
883 2975 1072 3040 Παρθυαίων
1092 2973 1129 3041 γῆ
1144 2972 1304 3042 Ῥωμαίοις
1324 2970 1400 3035 ὑπτί-

266 3079 336 3118 κοος
354 3063 487 3124 κατέστη.
512 3089 545 3096 -
562 3059 604 3112 De
623 3057 781 3114 Jamblieho
806 3065 835 3113 et
859 3059 894 3113 de
913 3058 977 3111 loco
996 3058 1089 3113 Photii
1109 3059 1157 3113 cfr.
1177 3073 1248 3128 quae
1268 3059 1399 3126 exposuit

269 3146 379 3215 Rohde,
405 3146 433 3199 d.
458 3146 563 3215 griech.
586 3147 694 3201 Roman
713 3165 740 3201 u.
763 3162 784 3200 s.
810 3146 969 3214 Vorldufer‚
994 3148 1071 3216 Lips.
1081 3149 1158 3216 1876,
1184 3163 1247 3216 pag.
1260 3151 1310 3204 361
1325 3165 1400 3218 sqq.;

265 3234 382 3289 Jahrbb.
401 3233 420 3288 i.
439 3235 509 3289 Phil.
524 3236 593 3292 1878
606 3253 634 3304 p.
647 3237 700 3291 317
714 3251 774 3304 sqq.
794 3236 836 3303 (F.
849 3235 950 3304 Ruhl);
970 3236 1047 3304 1879,
1060 3253 1088 3304 p.
1102 3239 1135 3292 16
1149 3235 1281 3306 (Rohdc).

373 3325 400 3391 1)
419 3323 437 3376 i.
452 3340 476 3378 e.
495 3325 530 3378 Μ.
550 3323 699 3379 Aurelium
717 3325 893 3378 Antoninum
910 3324 1115 3394 philosophum.

371 3413 399 3480 2)
419 3411 497 3466 Suid.
512 3428 533 3466 s.
547 3429 573 3466 v.
587 3413 725 3478 Μάρτιος
743 3412 799 3480 (ed.
812 3412 977 3482 Bernhardy
990 3414 1017 3467 ll
1031 3416 1055 3483 1,
1065 3431 1093 3482 p.
1106 3415 1158 3470 715
1172 3439 1204 3462 =
1218 3415 1262 3470 ed.
1276 3415 1396 3485 Belrher,

264 3498 359 3552 Berlin
373 3499 451 3567 1854,
464 3515 528 3569 pag.
542 3500 621 3567 690):
642 3495 687 3550 ὅτι
705 3501 841 3570 Μιίρτιος
857 3504 954 3570 Βιῑρος
969 3503 1020 3554 τὸν
1039 3501 1224 3568 Θουκυδίδην
1240 3507 1398 3574 ἐκπέμπει,

264 3595 445 3656 καταγαγεῖν
461 3589 604 3656 Σόαιμον
624 3589 666 3643 εἰς
683 3586 839 3657 Ἀρμενίαν
859 3593 913 3644 ete.
941 3619 975 3629 —
1002 3591 1045 3643 Ex
1055 3589 1146 3645 Dione
1160 3591 1257 3646 Cassio
1270 3590 1396 3646 hausisse

264 3671 376 3726 Suidam
401 3688 444 3727 me
468 3688 524 3726 non
549 3673 637 3727 invito
656 3675 778 3730 coniecit
795 3677 927 3732 Valesius
945 3678 1131 3748 probavitque
1156 3679 1318 3748 Belrkerus3
1346 3679 1396 3733 cir.

264 3761 345 3814 etiam
366 3759 486 3814 Reimer.
506 3760 550 3815 ed.
568 3761 651 3816 Dion.
670 3764 831 3832 11p.1261.

371 3852 399 3917 3)
418 3849 435 3902 l.
455 3867 478 3903 c.

369 3938 398 4006 4)
418 3953 442 3991 a.
461 3955 489 4006 p.
507 3937 572 3993 Chr.
593 3941 653 4009 164,
672 3957 771 3995 numos
790 3941 814 3996 si
828 3943 977 4012 sequimur.
991 3973 1024 3984 -ο
1037 3946 1070 3998 In
1090 3949 1220 4013 promptu
1239 3949 1289 4013 est,
1308 3945 1395 4014 ipsam

264 4025 374 4081 Soaemi
399 4042 450 4094 per
474 4027 594 4082 Parthos
620 4029 811 4098 expulsionem
836 4032 864 4086 in
889 4032 968 4086 initio
987 4033 1053 4089 belli
1073 4034 1221 4088 collocare.
1257 4035 1335 4090 Haec
1354 4037 1396 4088 est

263 4114 402 4170 sententia
422 4115 557 4184 Spiegelii
575 4117 670 4184 (Erdu.
689 4117 894 4174 Alterthumsk.
908 4122 950 4176 lll
968 4139 995 4190 p.
1010 4122 1082 4192 181),
1114 4123 1161 4192 qui
1180 4121 1293 4190 quidem
1312 4122 1394 4178 Seve-

263 4202 370 4256 rianum
396 4202 473 4256 illum
499 4220 514 4257 c
544 4203 724 4274 Cappadocia
748 4208 879 4262 auxilium
911 4209 1008 4264 tulisse
1038 4210 1148 4265 Souemi
1173 4211 1257 4266 rebus
1287 4209 1396 4264 afflictis

262 4289 367 4345 scribit.
405 4291 492 4355 Quam
518 4293 683 4348 sententiam
702 4297 809 4351 etiamsi
834 4298 916 4354 facilc
935 4297 1108 4368 probaveris,
1133 4302 1234 4368 tumen,
1259 4298 1287 4352 ni
1306 4297 1394 4366 fallor,

261 4377 328 4433 licet.
347 4379 429 4433 etiam
449 4381 595 4451 suspicari,
614 4383 667 4437 ium
687 4391 768 4440 antea
787 4387 933 4442 Souemum
952 4404 1040 4456 reguo
1060 4388 1288 4456 esse‘privalum.
