3280 5190
788 570 823 624 12

725 741 769 810 36
794 744 829 810 61
853 743 886 810 ΙΙ.

498 854 662 909 1161611116
680 759 948 909 16131166661661
966 855 1118 910 Parthici.

342 985 362 1062 ξ
377 989 406 1044 1.
430 986 527 1044 Primo
540 983 684 1061 agendm
700 987 744 1044 est
755 985 792 1044 de
807 985 891 1044 titulo
907 984 993 1060 0666.
1010 983 1372 1066 666611666643341)

238 1100 296 1160 Ubi
325 1096 531 1176 imperatorem
553 1101 603 1176 qui
632 1101 799 1159 nominatur
829 1103 859 1158 et
883 1100 1025 1160 Gruterus
1034 1101 1057 1176 ²)
1089 1097 1368 1182 61066111663116-

240 1216 384 1292 tellcgunt
405 1217 446 1275 M.
459 1214 610 1275 Aurelium
625 1213 804 1274 Antoninum
827 1215 948 1291 eiusque
970 1215 1077 1276 bellum
1092 1217 1261 1276 Parthicum
1284 1218 1373 1276 inter-

241 1334 403 1409 pretantur.
461 1330 530 1390 Alia
559 1333 604 1391 est
640 1332 784 1390 sententia
813 1331 955 1393 Henneni.
1001 1332 1077 1391 Nam
1114 1333 1143 1390 in
1177 1333 1374 1411 annotatione,

242 1464 329 1522 quam
353 1446 389 1506 ad
409 1446 526 1506 titulum
548 1448 680 1506 nostrum
699 1442 844 1527 adiecit,⁴)
868 1445 942 1504 haec
965 1445 1050 1504 dicit:
1077 1445 1276 1516 „Antoninum
1291 1447 1375 1504 Pium

240 1561 384 1640 intellige,
407 1578 493 1636 quem
517 1559 625 1618 bellum
650 1564 752 1620 contra
775 1561 901 1621 Parthos
925 1579 984 1620 non
1006 1561 1134 1636 gessisse
1158 1561 1285 1640 quidem,
1323 1560 1374 1620 scd

239 1693 363 1754 parasse
385 1675 564 1752 Borghesius
587 1676 755 1751 exposuit“.

343 1791 502 1851 Videamus
532 1791 630 1869 igitur,
662 1785 734 1865 quid
758 1789 936 1866 Borghesins
966 1790 1003 1850 ad
1035 1790 1112 1850 hunc
1134 1786 1252 1850 titulum
1275 1790 1374 1866 expla-

242 1907 369 1966 nandum
393 1903 589 1988 contulen't.⁵)
634 1905 833 1982 Reprehendit
856 1901 1011 1965 Gruterum
1040 1905 1238 1982 Orelliumque
1268 1905 1304 1967 de
1333 1907 1373 1966 M.

241 2021 361 2080 Aurelio
393 2023 574 2102 cogitantes,
608 2022 688 2082 hunc
717 2022 792 2081 enim
823 2021 922 2080 vivum
952 2040 1101 2098 nunquam
1124 2023 1208 2082 Pium
1239 2039 1303 2083 esse
1326 2040 1375 2081 vo·

241 2141 350 2197 catum.
375 2170 416 2179 —-
441 2135 498 2196 3611
510 2137 556 2194 vir
568 2136 754 2196 doctissimus
769 2136 895 2212 aliisque
917 2137 947 2195 iu
970 2137 1058 2196 rebus
1077 2138 1241 2197 scrutandis
1265 2155 1377 2196 summa

243 2253 399 2328 prudentia
429 2251 570 2328 probatus
598 2252 646 2310 hio
674 2252 704 2309 in
733 2269 830 2310 errore
859 2251 972 2310 versari
1002 2252 1127 2310 videtur.
1173 2252 1309 2327 Namque
1332 2249 1375 2309 f-

246 2370 351 2444 gerunt
382 2384 447 2425 eum
470 2367 548 2428 tituli
571 2366 693 2444 aliquot,
723 2365 753 2423 in
784 2364 890 2440 quibus
921 2384 1024 2426 revera
1047 2367 1173 2445 Marcus,
1204 2366 1271 2425 dum
1294 2368 1375 2446 vivit,

246 2481 285 2488 ---

351 2519 394 2574 De
413 2518 520 2572 Diran
539 2519 551 2571 l
578 2516 682 2586 legitur
699 2517 801 2585 (116166
821 2517 856 2572 (16
869 2516 1001 2572 Khordne
1013 2519 1040 2572 ll
1060 2523 1137 2588 c.62;
1160 2520 1265 2574 traduit
1282 2536 1333 2588 par
1351 2521 1377 2574 16

243 2609 326 2663 Vaill.
345 2607 483 2676 delier,
507 2609 529 2661 1.
554 2623 581 2674 p.
601 2608 679 2673 293):
713 2605 770 2672 „On
788 2621 823 2660 66
847 2611 978 2674 66666616
997 2606 1033 2662 (16
1052 2607 1137 2661 Diran
1156 2623 1263 2663 aucune
1283 2609 1376 2662 action

243 2697 359 2766 declat,
391 2714 427 2751 on
446 2696 488 2750 dit
510 2695 673 2762 seulement,
698 2694 763 2762 qu'il
782 2693 869 2748 servit
887 2694 927 2748 166
946 2695 1078 2749 Romaim
1098 2712 1166 2750 avec
1185 2695 1298 2751 fidelite.
1336 2697 1375 2751 Oc

243 2788 338 2856 prinee
357 2784 442 2840 vecut
455 2801 489 2838 66
502 2784 583 2852 6616α
604 2787 656 2837 616.
668 2783 754 2836 —De
773 2783 901 2836 Dicran
920 2785 961 2837 lll
980 2784 1083 2852 legitur
1100 2785 1117 2838 1.
1128 2787 1178 2838 61
1197 2803 1224 2852 p.
1244 2789 1295 2842 299
1314 2801 1374 2854 sqq.

243 2875 301 2943 (lib.
315 2875 342 2927 Il
356 2890 379 2927 6.
393 2874 456 2941 eq:
476 2874 534 2938 „En
553 2871 640 2924 meme
665 2875 756 2938 temps
780 2887 834 2940 quc
860 2869 967 2924 Bdroze
992 2875 1053 2939 (rex
1071 2873 1248 2941 Parthorum)
1267 2873 1318 2926 fait
1335 2874 1374 2927 in-

243 2963 354 3016 cursiou
379 2977 414 3014 66
432 2959 523 3029 Syrie,
548 2975 603 3012 aux
626 2955 755 3012 contrtes
780 2958 815 3012 de
838 2958 866 3010 la
883 2958 1031 3027 Palestiue,
1059 2976 1131 3027 pour
1149 2960 1195 3030 lui,
1215 2966 1244 3016 et
1261 2977 1312 3029 par
1330 2976 1375 3015 ses

243 3049 349 3118 ordros,
368 3052 449 3102 notre
468 3047 572 3100 Dioren
591 3045 641 3100 fait
663 3046 805 3100 incursiou
825 3046 893 3099 dans
918 3046 959 3100 tes
983 3052 1071 3101 terres
1091 3046 1315 3103 mediterraneos.
1352 3049 1375 3102 Il

244 3144 288 3194 est
304 3138 356 3192 fait
373 3136 464 3205 captil
478 3151 592 3206 parunc
607 3136 693 3205 Jeune
713 3136 855 3204 princcsse
879 3135 926 3204 qui
945 3137 1112 3204 gouvernait
1129 3137 1156 3190 16
1174 3153 1245 3206 pays
1263 3136 1332 3190 dans
1351 3137 1377 3189 le

243 3243 333 3297 temps
353 3243 407 3295 quc
436 3226 569 3280 Lucinins
593 3220 680 3281 Cesar
708 3223 810 3280 elevait
833 3226 1000 3294 sontemple
1025 3227 1042 3278 a
1065 3223 1201 3280 Athenas.
1242 3225 1376 3279 Lucinius

243 3315 322 3371 11661
339 3314 421 3384 passe
446 3330 516 3370 avec
539 3315 690 3382 beaucoup
710 3314 745 3368 de
763 3319 879 3382 troupes
897 3314 966 3368 dans
985 3315 1026 3369 les
1044 3320 1133 3369 terres
1151 3312 1376 3384 mediterraneos,

244 3404 370 3474 6666616
389 3409 461 3458 mort
478 3403 514 3457 de
534 3401 651 3471 Beroze,
675 3403 776 3456 soumit
794 3401 956 3471 l'Armdnie,
981 3408 1009 3458 ct
1027 3401 1134 3458 delivra
1153 3404 1269 3468 Dicran3
1299 3403 1319 3456 11
1337 3403 1376 3457 161

244 3494 337 3548 donna
353 3493 381 3546 16
394 3493 482 3563 Jeune
501 3490 582 3560 Rufa,
607 3506 638 3544 sa
656 3495 780 3559 parente,
804 3507 838 3545 on
862 3492 999 3559 mariage:
1028 3490 1105 3560 mais,
1129 3488 1237 3546 arrives
1263 3507 1297 3545 66
1321 3489 1376 3544 Ar-

244 3581 341 3651 menio,
361 3581 465 3635 Dicran
483 3581 511 3634 la
523 3579 658 3636 ddlaisse“
674 3585 726 3635 etc.
737 3609 771 3618 —
783 3579 840 3634 Cfr.
860 3579 981 3648 Spiegel,
1000 3579 1083 3633 Eran.
1097 3577 1376 3647 Alterthumskunde,

243 3672 390 3738 1116211
410 3684 470 3739 sqq.
490 3670 617 3737 62176.
642 3699 675 3707 -
701 3669 751 3722 1116
773 3668 923 3736 „Lucidius
942 3665 1045 3722 Cesar*
1071 3672 1114 3722 est
1136 3669 1268 3722 L.Verus
1291 3667 1378 3722 frater

243 3761 279 3814 M.
298 3758 406 3814 Aurelii
424 3756 563 3812 Antonini
582 3758 643 3826 (cfr.
663 3758 688 3812 le
699 3758 823 3812 Vaillant
840 3757 867 3810 in
887 3756 978 3810 iudice
998 3773 1024 3823 p.
1045 3756 1161 3825 126).-
1175 3756 1231 3810 Sed
1248 3756 1376 3812 omnibus

245 3847 452 3902 narrationibus
471 3848 557 3902 Mosis
576 3845 767 3901 Khorcnensis
788 3847 817 3913 (†
834 3845 887 3900 487
906 3861 933 3912 p.
953 3843 1028 3912 Chr.)
1048 3844 1140 3898 cautio
1160 3859 1242 3914 quam
1260 3844 1376 3913 diligen-

244 3936 352 3990 tissima
370 3942 414 3992 est
433 3935 603 3990 adhibenda:
632 3935 681 3988 cfr.
701 3935 861 4002 Mommsen,
886 3933 920 3986 R.
940 3931 1040 3986 Gesch.
1064 3933 1115 4001 11⁵,
1138 3949 1166 4002 p.
1185 3935 1238 3990 304
1257 3949 1280 3987 c.
1299 3949 1376 4002 ann,

245 4024 367 4095 Spiegel,
404 4025 488 4080 Erdn.
507 4023 583 4080 Alth.
608 4023 783 4092 1116318,
824 4019 996 4089 Gutschmid,
1021 4018 1127 4076 Abhdl.
1147 4021 1174 4076 d.
1197 4021 1287 4076 stiehs.
1310 4021 1376 4078 Ges.

244 4114 271 4168 d.
290 4115 373 4169 Wiss.
393 4113 472 4182 1876,
490 4130 518 4180 6.
538 4116 552 4167 1
573 4127 634 4180 sqq.

397 4201 455 4256 viu.
474 4201 536 4255 infr.
555 4200 610 4254 Tit.
630 4217 655 4253 6.
675 4202 718 4254 21.

399 4291 500 4346 Gruter
518 4291 579 4360 441,
597 4291 623 4344 4.

399 4467 619 4536 Orelli-Henucu,
638 4467 702 4520 Vol.
713 4467 764 4535 III,
782 4482 809 4534 p.
823 4467 883 4522 335.

352 4203 379 4272 1)

351 4292 379 4360 2)

351 4381 379 4449 3)
399 4383 492 4432 66661.
511 4378 547 4432 ad
564 4378 675 4432 titulum
693 4380 772 4434 3393.

350 4468 380 4624 §A
399 4554 544 4610 Tractavit
560 4554 683 4612 titulum:
702 4554 826 4616 Oeuvres
845 4555 872 4609 V
890 4570 917 4624 p.
937 4554 997 4610 313.
