3308 5190
305 841 341 916 d)
359 842 449 900 Bello
467 843 616 900 Parthico
635 856 694 912 quo
713 855 838 899 munere
855 843 981 900 Arldlns
1000 843 1121 902 Cassius
1139 845 1264 900 mnotns
1283 845 1326 900 rlt

625 979 761 1034 quasque
778 979 830 1023 res
849 967 994 1033 gesserit.

350 1120 438 1180 Nunc
460 1120 558 1197 agitur
586 1118 623 1180 de
653 1121 790 1196 opinione
820 1118 984 1182 refellenda
1011 1140 1099 1198 quam
1134 1122 1313 1199 Borghesius
1343 1123 1379 1184 de

233 1235 335 1311 Syria
359 1235 512 1312 provincia
534 1253 553 1295 a
576 1232 677 1295 Cassio
702 1235 906 1297 administrata
928 1237 1052 1312 protulit
1062 1234 1094 1319 1).
1124 1234 1280 1297 Contendit
1302 1238 1379 1297 enim

229 1349 290 1408 vir
306 1319 502 1430 doctissimus,
526 1349 693 1410 imminente
714 1349 791 1410 bello
813 1351 950 1412 Parthico
973 1352 1055 1412 illum
1071 1352 1223 1415 consulatu
1246 1347 1374 1411 functum

228 1464 346 1542 Syriae
369 1480 435 1525 esse
455 1461 647 1541 praelectum.
692 1463 761 1525 Non
783 1468 872 1545 recte,
896 1467 1010 1542 opinor.
1055 1467 1190 1544 Namque
1212 1465 1284 1526 belli
1305 1467 1375 1527 Par·

228 1579 316 1640 tbici
338 1583 469 1655 tempore
485 1576 600 1656 Syriam
622 1579 660 1640 ab
683 1579 749 1640 aliis
772 1597 838 1640 esse
861 1580 1092 1642 administratam
1110 1581 1302 1644 demonstrari
1324 1599 1375 1657 po-

229 1697 310 1756 test.
350 1693 447 1771 Atque
460 1713 537 1756 anno
550 1713 580 1770 p.
596 1693 738 1760 chares
754 1695 947 1756 Attidium
970 1695 1237 1758 Cornelianum
1261 1696 1373 1773 Syriam

230 1809 404 1870 obtinuisse
440 1812 522 1885 patet
551 1809 638 1870 titulo
665 1829 751 1887 quem
783 1828 874 1887 snpra
910 1812 1199 1872 commemoravimus
1209 1809 1245 1894 2).
1298 1811 1374 1870 Huic

232 1925 422 1986 successisse
434 1924 550 1986 videtur
572 1925 612 1986 ld.
626 1924 772 1985 Annius
795 1925 895 2006 Libo,
919 1927 1103 2004 imperatoris
1116 1927 1208 1987 Marci
1220 1925 1373 2005 patruelis,

236 2056 332 2116 quem
362 2056 427 2099 eum
453 2039 488 2100 L.
512 2038 590 2101 Vero
612 2035 738 2109 rixatum
761 2057 874 2100 veneno
898 2057 963 2102 esse
986 2042 1179 2117 interceptum
1208 2039 1298 2101 refert
1321 2039 1373 2100 Oa·

236 2155 383 2232 pitolinus
392 2152 426 2235 ³).
483 2152 578 2214 Annis
608 2158 704 2216 autem
736 2157 799 2215 164
828 2158 857 2215 et
885 2157 948 2216 165
984 2156 1112 2232 legatum
1144 2174 1189 2232 pr.
1211 2174 1257 2234 pr.
1287 2173 1372 2232 prov.

238 2267 374 2352 Syriae⁴)
386 2268 478 2330 fuisse
489 2269 507 2330 J
514 2271 632 2330 ulium
644 2271 777 2330 Verum
792 2271 946 2332 enucleare
957 2275 1041 2347 potes
1058 2270 1188 2330 adhibito
1204 2271 1289 2330 titulo
1301 2289 1373 2346 quo-

239 2387 312 2448 dam
335 2383 440 2446 Abilae
463 2385 594 2466 Lysanii,
617 2386 727 2464 oppido
750 2382 898 2467 Syriaci),
928 2383 1091 2468 repertoi),
1116 2387 1146 2445 in
1169 2405 1227 2462 quo
1251 2390 1374 2456 uteroue

240 2503 383 2579 princeps
395 2501 563 2562 Armeniaci
585 2501 700 2562 nomine
716 2505 847 2581 omatur,
869 2501 1001 2562 Parthici
1020 2505 1117 2562 autom
1137 2501 1260 2576 caretl).
1294 2501 1373 2578 Ergo

240 2617 373 2694 legatum
403 2615 517 2697 Syriae,
555 2615 623 2678 dum
652 2617 822 2677 Parthicum
850 2614 958 2677 bellum
988 2616 1156 2696 gerebatur,
1193 2635 1252 2676 non
1283 2614 1374 2677 fuisse

351 2822 378 2891 1)
396 2822 414 2876 l.
434 2837 458 2876 c.

350 2911 378 2980 9)
397 2907 589 2976 Wsddington
608 2905 711 2964 2562d.
730 2938 764 2947 -
784 2905 841 2962 Cir.
860 2921 924 2976 pag.
945 2910 979 2964 19
998 2911 1027 2962 et
1044 2909 1080 2964 53
1093 2923 1129 2977 s.;
1147 2908 1203 2963 Tit.
1222 2925 1248 2962 n.
1268 2911 1311 2964 26.

350 3000 379 3068 3)
398 2995 517 3065 Capitol.
542 2995 592 3049 vit.
616 2994 685 3050 Veri
704 3011 727 3049 c.
747 2997 772 3063 9-,
791 2997 822 3049 2:
850 3009 964 3063 „uerum
988 2995 1057 3049 illud
1081 2997 1262 3064 praecipuum
1288 2995 1373 3067 quod,

243 3104 307 3142 oum
324 3086 462 3143 Libonem
490 3083 627 3154 quendam
654 3081 808 3150 patruelem
831 3097 911 3135 suum
935 3082 1045 3136 Marcus
1068 3083 1193 3152 legatum
1216 3083 1245 3138 in
1268 3084 1376 3155 Syriam

241 3175 370 3245 misisset,
401 3179 486 3244 atque
510 3173 556 3228 ille
579 3188 610 3227 se
635 3170 801 3226 insolentius
825 3185 907 3240 quam
925 3171 1103 3226 verecundus
1126 3177 1238 3228 senator
1262 3174 1376 3229 efferret

241 3263 347 3334 dicens,
367 3263 403 3319 ad
420 3262 535 3318 fratrem
554 3275 634 3315 suum
645 3273 675 3314 so
695 3258 863 3326 scripturum
883 3273 954 3327 esse,
974 3258 1057 3328 siqui
1069 3259 1141 3315 forte
1155 3260 1304 3332 dubitaret,
1323 3278 1376 3317 nec

241 3354 334 3409 Verus
352 3365 485 3422 praesens
504 3349 562 3418 pati
585 3351 691 3417 posset,
719 3346 869 3416 subitoque
888 3347 988 3403 morbo
1007 3349 1082 3403 notis
1101 3365 1189 3417 prope
1209 3351 1309 3405 veneni
1328 3367 1374 3405 ex-

241 3440 406 3496 sistentibus
417 3438 567 3506 interisset,
586 3435 677 3490 visum
696 3439 740 3490 est
758 3435 905 3505 nonnullis,
924 3444 1091 3492 nontamen
1103 3439 1205 3508 Marco,
1224 3439 1301 3508 qnod
1313 3439 1374 3495 eius

241 3529 339 3584 fraudo
358 3530 504 3597 putaretur
523 3524 660 3580 occisus“.

347 3617 377 3684 4)
395 3614 432 3670 de
450 3613 551 3685 legatis
569 3628 610 3682 pr.
617 3627 659 3682 pr.
666 3627 746 3680 prov.
766 3611 863 3684 Syriae
881 3610 947 3668 indo
966 3613 1116 3669 aTraiano
1128 3630 1217 3685 nsque
1236 3616 1272 3670 ad
1285 3615 1374 3686 Septi·

240 3705 324 3760 mium
337 3706 471 3760 Severum
489 3701 539 3757 cir.
559 3716 630 3770 quae
641 3701 774 3769 exposuit
790 3700 999 3756 accuratissime
1012 3701 1374 3775 Waddingtoniuscompt.

243 3793 329 3864 rend,
346 3792 427 3846 Paris
447 3793 525 3860 1865,
543 3806 570 3859 p.
590 3790 643 3844 115
661 3804 722 3858 sqq.
742 3787 803 3856 (cir.
822 3789 984 3858 Marquardt
1001 3790 1016 3844 1
1035 3792 1106 3859 265).

347 3882 376 3950 5)
394 3879 511 3936 Ptolem.
529 3879 556 3933 V
569 3879 611 3948 15,
630 3877 723 3946 2201
741 3894 768 3945 p.
787 3879 822 3934 63
840 3877 967 3947 Nobbe):
983 3877 1081 3948 Ἄβιλα
1102 3881 1294 3946 catarractas
1308 3886 1374 3936 Λυ-

244 3973 358 4026 σανίου.

348 4058 377 4128 6)
395 4053 495 4111 Wadd.
515 4053 584 4110 1874
602 4056 632 4108 et
651 4052 720 4109 1875
740 4075 772 4100 =
793 4053 878 4110 Orelli
899 4054 970 4132 4997
989 4059 1018 4109 et
1034 4055 1105 4111 4998
1126 4077 1158 4104 =
1178 4055 1209 4111 O.
1228 4056 1254 4112 J.
1274 4059 1306 4111 L.
1331 4057 1374 4111 III

242 4147 392 4206 199-201.
411 4143 486 4201 Vide
505 4142 561 4197 Tit.
580 4159 606 4196 n.
625 4143 668 4198 33.
1141 4167 1143 4172 ¹

348 4237 376 4306 7)
395 4237 438 4292 De
463 4238 589 4301 temporo
614 4248 670 4301 qno
694 4231 805 4302 singula
828 4232 939 4288 nomina
964 4249 981 4288 a
1004 4232 1136 4288 iratribus
1159 4232 1374 4303 imperatoribus

242 4329 358 4395 accepta
389 4323 444 4382 sint
476 4319 533 4383 vid.
559 4334 631 4399 quae
663 4319 736 4383 inira
753 4321 888 4400 singulari
913 4321 1069 4398 appendice
1095 4322 1249 4397 exposituri
1279 4337 1375 4381 sumus

241 4414 330 4510 (App.
345 4413 395 4483 V).
