3280 5190
788 553 823 614 59

228 730 327 791 stulis
349 729 482 815 fuissel),
505 753 594 812 quam
618 754 717 797 curam
739 731 771 797 in
793 731 1001 798 illustrissimis
1024 737 1103 815 apud
1125 737 1288 815 principem
1311 755 1372 797 mu-

227 845 360 907 neribus
382 853 564 910 numeratam
587 868 653 912 esse
675 856 792 914 constat
813 855 834 930 ).

348 962 438 1024 Plura
468 965 505 1026 dc
532 964 691 1028 Heliodoro
727 969 921 1046 comperimus
958 987 995 1029 ex
1023 963 1116 1028 titulis
1144 985 1269 1044 quorum
1298 984 1373 1027 unus

230 1075 268 1134 in
310 1077 419 1155 templo
453 1098 578 1157 magnas
618 1078 707 1141 Oasis
745 1082 916 1144 Thebarum
959 1083 1174 1162 Aegyptiarum
1207 1085 1342 1159 repertus
1350 1083 1373 1159 ³)

231 1189 380 1252 Avidium
420 1193 611 1256 Heliodorum
635 1186 772 1274 ἔπαρχον
805 1197 826 1256 i.
857 1215 882 1258 o.
911 1195 1092 1272 praefectum
1126 1196 1256 1274 Aegypti
1284 1199 1372 1258 tertio

230 1305 382 1369 Antonini
394 1309 439 1368 Pil
449 1308 635 1386 imperatoris
659 1329 746 1390 anno,
770 1312 790 1370 l.
815 1329 841 1371 e.
866 1330 892 1372 a.
916 1330 948 1387 p.
962 1309 1031 1372 Ohr.
1052 1313 1125 1391 140,
1141 1309 1233 1374 fuisse
1256 1313 1373 1375 demon·

230 1426 315 1484 strat
324 1424 358 1499 4).
404 1423 450 1484 Ex
474 1422 532 1484 alio
554 1424 641 1486 titulo
664 1424 822 1506 Aegyptio,
847 1426 961 1504 Syenae
984 1421 1149 1508 reportoi),
1179 1426 1266 1486 etiam
1289 1447 1375 1505 prae·

231 1555 346 1599 nomen
375 1537 527 1600 Heliodori
556 1540 671 1621 prodit3
709 1542 875 1602 nominatur
905 1543 982 1602 enim
1005 1540 1037 1602 d.
1057 1541 1222 1602 Avidius
1246 1541 1374 1605 Helio·

233 1652 360 1712 dorus
383 1650 549 1728 praefectus
574 1654 704 1732 Aegypti
723 1655 825 1716 eodem
841 1654 990 1716 Antonino
1006 1656 1060 1716 Pio
1081 1655 1255 1732 imperante.

345 1767 427 1830 Haec
460 1769 557 1829 omnia
582 1771 608 1830 si
631 1773 857 1852 computaveris,
893 1770 993 1832 Avidii
1022 1769 1117 1831 Cassii
1144 1775 1261 1849 patrem
1283 1767 1376 1833 luisse

234 1884 396 1960 cognoscis
415 1882 447 1944 0.
469 1883 606 1944 Avidium
626 1883 817 1946 Hellodorum
840 1886 988 1946 rhetorem
1011 1886 1060 1945 vel
1075 1885 1297 1966 philosophum,
1321 1887 1374 1962 qui

236 2015 308 2058 cum
323 1997 361 2058 ab
377 1997 530 2059 Hadriano
549 1999 631 2058 cuius
642 1996 842 2058 familiaritate
855 1999 994 2060 utebatur
1006 2018 1105 2060 curam
1117 2000 1156 2059 ab
1167 2000 1302 2077 epistulis
1325 2001 1375 2061 ob·

234 2113 386 2194 timuisset,
425 2113 550 2190 denique
580 2112 717 2190 Aegypto
740 2111 908 2190 praefectus
937 2118 992 2174 est.
1047 2112 1132 2174 Hauc
1161 2113 1376 2191 praefecturam

236 2247 320 2290 anno
343 2247 373 2306 p.
388 2227 457 2290 Ohr.
472 2231 536 2289 140
560 2227 781 2290 administrasse
797 2229 880 2289 illum
895 2230 1045 2290 titulorum
1062 2229 1226 2290 testimonio
1250 2233 1375 2291 constat.

237 2342 373 2418 Quorum
394 2345 522 2420 priorem
538 2359 625 2420 quem
641 2346 928 2405 commemoravimus
938 2345 961 2420 ⁶)
984 2345 1165 2405 accuratiore
1178 2343 1376 2420 disputatione

236 2461 452 2535 interpretatus
475 2459 653 2520 Letronnius
663 2461 686 2536 1)
709 2457 890 2537 praefectum
911 2460 1042 2538 Aegypti
1072 2477 1131 2520 uon
1161 2460 1239 2520 ultra
1269 2477 1376 2520 annum

238 2594 272 2652 p.
297 2572 366 2635 Chr.
392 2575 455 2635 148
485 2572 577 2636 luisse
599 2575 682 2635 illum
711 2576 870 2657 contendit,
907 2577 1021 2636 initium
1051 2579 1224 2652 computans
1247 2574 1315 2636 inde
1338 2574 1376 2635 ab

242 2715 451 2724 ιι--ι-ηι-η--ι-ι

350 2782 364 2835 1
396 2780 452 2835 Dio
470 2781 505 2837 69
532 2782 558 2837 3.

348 2783 377 2956 ti
397 2885 446 2942 cfr.
459 2821 660 2942 Fnidloeuder
676 2886 695 2941 l.
708 2903 732 2941 c.
751 2885 777 2941 1⁴
795 2903 822 2956 p.
836 2889 871 2943 98
883 2901 960 2957 sqq.3
987 2885 1148 2942 Hirschfeld
1168 2885 1310 2954 „Uutersu
1330 2883 1380 2940 suf

241 2977 306 3033 dem
325 2977 444 3033 Gebiete
463 2975 490 3030 d.
509 2980 578 3032 rbm.
597 2975 908 3047 Vorwaltungsgesch.“
928 2977 1042 3045 1,1877,
1061 2993 1088 3045 p.
1108 2977 1161 3033 201
1180 2990 1240 3045 sqq.

348 3076 378 3144 3)
397 3074 427 3130 0.
441 3075 467 3129 J.
481 3073 514 3128 G.
527 3074 662 3130 1114955.
682 3072 769 3127 Tituli
788 3072 876 3128 verba
892 3073 972 3142 legas
990 3073 1077 3128 infra:
1096 3073 1152 3128 Tit.
1171 3089 1198 3126 n.
1218 3075 1261 3128 29.

347 3173 377 3243 4)
395 3169 495 3226 Avidii
518 3169 665 3226 Heliodori
689 3169 765 3240 quod
787 3170 885 3224 titulus
910 3169 1025 3224 exhibet
1041 3169 1152 3225 nomine
1177 3184 1246 3224 usus
1263 3167 1377 3224 Hirsch-

241 3259 344 3316 feldius
366 3261 460 3314 locum
483 3258 622 3330 quondam
641 3257 740 3312 Dionis
759 3258 848 3314 (lossii
874 3258 1039 3314 emendavit.
1067 3259 1187 3314 Exstant
1205 3257 1277 3315 enim
1296 3259 1314 3314 l.
1333 3261 1376 3324 69,

242 3367 267 3404 c.
279 3353 304 3420 3,
321 3351 337 3406 5
356 3347 425 3404 haec
444 3348 532 3404 verbe
549 3347 579 3402 in
596 3346 767 3402 editionibus
785 3348 965 3418 vulgaribus:
987 3343 1032 3400 das
1051 3347 1214 3406 Διονύσιος
1232 3348 1307 3414 npdc
1325 3350 1376 3402 adv

243 3437 334 3492 aoros
355 3434 630 3506 ἴδιονἮλιόδωρον,
648 3437 700 3488 τόν
718 3434 772 3495 τὰς
791 3437 946 3495 ἐπιστολάς
964 3435 1056 3488 αὐτοῦ
1069 3430 1263 3504 διαγαγόντα,
1281 3436 1376 3487 εἰπεῖν

242 3527 355 3595 λέγεται
374 3521 431 3577 ati·
446 3553 480 3565 -
493 3523 604 3580 conicit
621 3521 839 3579 Htrschfeldius:
860 3524 952 3591 npdr
971 3524 1032 3574 τάν
1050 3517 1177 3574 'oni'd
1182 3538 1241 3573 ιον
1257 3520 1376 3575 Ἥλιό-
1495 3513 1499 3522 ’

242 3607 366 3681 δωρον.
376 3643 410 3652 -
420 3612 512 3682 Atque
528 3612 599 3668 hanc
613 3613 801 3668 coniecturam
813 3612 990 3682 perspicuam
1004 3609 1222 3679 concinnamque
1241 3623 1303 3664 esse
1323 3624 1375 3664 suo

242 3697 302 3754 lure
320 3700 465 3756 contendit
482 3701 715 3757 Friedlaendorus
733 3702 751 3756 l.
769 3719 793 3756 c.
805 3701 831 3756 1⁴
847 3717 875 3770 p.
883 3701 949 3771 1803
979 3715 1042 3754 nam
1060 3696 1189 3768 proiecto
1208 3697 1256 3752 vir
1274 3697 1377 3752 dixerit

242 3787 350 3859 aliquis,
370 3789 437 3860 quid
456 3791 510 3847 sibi
528 3791 616 3846 velint
634 3791 773 3847 vocabula
790 3790 837 3846 illa
857 3791 966 3859 „adsoni
986 3789 1090 3843 rtaouss.

348 3888 377 3956 s)
395 3885 530 3943 Arousor.
554 3875 623 3944 zero.
637 3891 715 3958 nco,
733 3905 760 3958 p.
781 3891 833 3945 123
852 3903 912 3957 sqq.
938 3907 971 3932 =
998 3885 1028 3942 c.
1042 3887 1069 3941 J.
1082 3888 1113 3940 u.
1127 3885 1170 3940 111
1183 3885 1254 3942 coss
1267 3883 1376 3952 (uerus

242 3973 314 4028 tituli
330 3974 387 4029 vid.
406 3975 468 4031 infr.
485 3976 541 4031 Tit.
559 3993 586 4032 n.
596 3979 651 4046 30).
664 4007 698 4016 -
712 3976 796 4042 Quod
812 3977 1000 4032 Mommseuus
1019 3973 1179 4043 suspicatur
1198 3970 1294 4042 (Arch.
1307 3971 1375 4026 Zeit.

244 4061 321 4134 1869,
334 4081 361 4132 p.
375 4064 447 4134 124),
459 4062 595 4120 Avidium
606 4065 789 4121 Heliodorum
807 4069 864 4120 aut
882 4069 989 4134 patrem
1008 4067 1067 4118 aut
1080 4062 1196 4119 fratrem
1209 4076 1272 4117 osse
1286 4059 1376 4116 (tassii

225 4217 227 4224 Ι
244 4151 431 4207 coercendum
449 4158 500 4209 ost.
530 4154 594 4210 Nou
613 4153 685 4210 euim
704 4153 823 4224 cogitari
840 4157 937 4223 potest
954 4152 1007 4208 uisi
1026 4152 1062 4207 de
1081 4155 1170 4221 patro.
1350 4152 1352 4158 '

351 4257 380 4327 6)
399 4257 430 4313 (l.
448 4257 475 4314 J.
495 4258 528 4314 G.
547 4259 627 4315 4955.

350 4365 547 4434 ilhotrounq
571 4363 736 4424 recherches
762 4381 836 4436 pour
863 4365 953 4422 servir
975 4365 992 4423 t
1015 4363 1149 4424 l‘histoiro
1175 4366 1211 4424 de
1234 4365 1375 4435 l’ngypsa

244 4450 322 4509 Poris
341 4453 417 4522 1823,
435 4468 463 4524 p,
483 4453 535 4508 246
553 4467 614 4524 sqq.
