3280 5190
790 590 824 646 27

243 772 326 829 notat
351 771 494 848 „caussa
507 769 726 854 ἒνἈρμενίᾳ“
750 775 839 848 atque
857 779 1015 852 „usurpate
1028 768 1134 839 νίκας“
1148 768 1230 851 (ss).
1255 765 1373 830 Nisibin

244 885 344 944 urbem
360 884 510 946 obsedisse
521 887 667 946 Romanos
681 889 710 945 et
728 885 832 947 famem
846 892 1024 948 monstrasse
1047 889 1092 966 iis,
1117 882 1168 963 pui
1192 902 1260 946 suas
1273 889 1372 960 partes

244 1019 301 1060 non
315 1003 514 1079 sequerentur,
522 1000 596 1076 legis
605 1000 623 1076 ξ
633 1001 684 1062 15.
701 999 959 1062 Aoenimumvero
968 1002 1107 1077 proelium
1119 1002 1156 1061 ad
1168 1001 1317 1076 Europum
1330 1000 1372 1058 vi-

243 1115 329 1174 detur
351 1115 533 1174 commissum
558 1132 631 1194 esse,
655 1116 902 1192 reprehenditque
924 1116 1074 1178 Lucienus
1097 1117 1175 1176 illius
1199 1110 1303 1176 aetatis
1326 1133 1371 1174 re·

243 1249 306 1290 rum
342 1226 512 1308 scriptores,
548 1230 625 1305 quod
649 1229 761 1291 oladem
785 1231 919 1291 hostibus
942 1233 1053 1292 iliatam
1089 1231 1186 1292 verbis
1223 1231 1373 1291 auxissent

242 1345 439 1406 immoderatis
468 1364 504 1404 ao
533 1362 626 1422 poene
649 1341 778 1405 insanis:
814 1364 866 1405 sex
898 1350 926 1407 et
950 1347 1089 1406 ducentos
1113 1350 1143 1406 et
1163 1350 1284 1406 trecens
1307 1361 1372 1420 sep·
1469 1351 1473 1357 '

241 1463 370 1538 tuagena
392 1453 473 1521 miila
500 1460 611 1519 oooisos
635 1476 699 1520 esse
723 1459 760 1518 ab
784 1459 909 1518 hostium
933 1464 1028 1539 parte,
1052 1461 1246 1520 Romanorum
1276 1461 1372 1517 autem

240 1574 314 1635 duos
337 1578 451 1634 tantum
474 1578 603 1634 mortuos
626 1594 662 1634 ae
683 1593 787 1635 novom
811 1576 927 1634 sarroios
949 1573 1040 1634 fuisso
1060 1575 1091 1652 (ξ
1111 1575 1201 1650 20).¹)
1239 1575 1373 1650 Pugnam

240 1684 450 1765 propeSuram
472 1682 655 1747 commissam
679 1682 914 1747 indioautverbo
937 1705 1013 1763 quae
1037 1690 1154 1747 exstant
1178 1687 1273 1765 §292
1301 1687 1375 1760 ,μαί

239 1801 299 1879 γὰρ
323 1796 517 1860 ἐκινδύνευσε
538 1802 642 1859 πολλὰ
664 1798 719 1862 καὶ
740 1795 865 1879 ἐτρώθη
888 1799 960 1878 περὶ
981 1801 1140 1880 Σοῦραν“.
1187 1803 1291 1878 Neque
1314 1821 1372 1862 nou

241 1916 383 1976 Edessam
412 1914 563 1975 obsidione
591 1932 656 1976 esse
685 1933 816 1992 pressam
842 1919 974 1992 sequitur
998 1937 1033 1977 eu
1056 1915 1144 1996 §EQ
1174 1914 1224 1978 ubi
1247 1919 1304 1978 duo
1328 1921 1372 1977 tn-

241 2026 320 2090 mida
344 2026 497 2092 enuntiata
521 2049 557 2090 ex
580 2031 720 2108 opusoulo
745 2032 872 2091 arrotoris
902 2031 1053 2091 orrirrsdam
1083 2033 1236 2110 desumpta
1266 2033 1371 2095 habes:

142 2192 144 2196 ,
241 2135 401 2226 »Ἔδεσσα
423 2139 482 2220 μὲν
504 2141 543 2222 δὴ
566 2135 725 2216 οὕτωτοῑς
749 2136 860 2215 ὅπλοις
883 2152 1157 2226 περιεσμαραγεῖτο
1181 2145 1236 2208 κατ’
1261 2137 1373 2224 ὄτοβος

241 2248 279 2338 ἦν
297 2254 351 2319 καί
367 2253 500 2337 κόναβος
519 2251 639 2318 ἅπαντα
659 2255 778 2318 ἒκεῖνα“
804 2265 833 2322 et
859 2249 895 2334 „d
914 2254 1087 2338 στρατηγὸς
1105 2255 1318 2341 ἐμιρμῆριξεν,
1347 2247 1371 2345 ᾧ

241 2369 347 2457 τρόπῳ
365 2368 505 2449 μάλιστα
525 2369 715 2452 προσαγάγοι
736 2371 816 2448 πρὸς
835 2373 868 2432 τὸ
891 2376 1047 2459 areleffi)
1082 2413 1122 2420 -
1148 2379 1223 2452 Quin
1245 2379 1282 2439 de
1305 2379 1370 2454 ipso

241 2491 405 2569 Vologaeso
434 2496 520 2568 oapto
550 2496 579 2551 et
609 2493 645 2552 de
676 2490 769 2552 Osrod
798 2497 912 2552 mortuo
943 2494 1049 2553 mentio
1081 2498 1125 2552 est
1158 2490 1188 2574 (ξ
1206 2490 1276 2574 31)3
1320 2493 1371 2554 sed

241 2625 317 2683 quae
340 2612 497 2667 narrantur
519 2626 578 2666 non
600 2625 704 2668 revera
726 2625 790 2668 esse
813 2606 893 2667 faeta
916 2609 989 2683 ipsis
1006 2609 1127 2668 Luoiani
1152 2611 1234 2685 patet
1253 2604 1369 2669 verbis:

241 2723 365 2785 ooniiota
390 2725 524 2783 enimest
547 2740 595 2784 res
618 2723 789 2782 abauotore
812 2723 977 2799 quodam.³)
1014 2723 1122 2785 Osrods
1146 2743 1216 2785 vero
1240 2725 1286 2783 vin
1308 2725 1371 2801 qui·

240 2840 306 2899 dam
343 2837 434 2898 fuisse
469 2839 585 2898 videtur
620 2837 699 2915 apud
729 2840 856 2898 Parthos
887 2841 1060 2900 auctoritate
1090 2840 1278 2917 praevalidus
1309 2856 1370 2899 sae-

343 3071 371 3139 1)
390 3068 432 3124 At
450 3083 577 3138 magnam
602 3068 687 3123 fuisse
713 3083 835 3138 pugnam
861 3069 987 3138 sequitur
1012 3069 1094 3122 etiam
1119 3083 1154 3121 ex
1179 3067 1274 3122 verbis
1300 3082 1370 3136 quae

236 3159 350 3215 exhibet
378 3157 519 3213 Lucienus
538 3163 552 3222 ἓ
572 3160 620 3213 28:
674 3160 726 3210 καὶ
745 3157 761 3210 ό
778 3161 956 3227 θαυμαστὸς
982 3159 1170 3229 συγγραφεύς
1195 3155 1280 3223 soen
1309 3157 1372 3214 τας

236 3250 275 3304 ἐν
293 3245 461 3317 Εὐρώπῳ
485 3248 729 3318 γιγνομένας
753 3247 905 3314 σφαγάς
929 3246 1113 3304 τοσαύτας
1132 3260 1156 3299 e.
1175 3263 1201 3314 q.
1222 3261 1243 3298 s.

344 3355 371 3422 2)
391 3353 468 3407 Haeo
494 3352 585 3406 omnia
609 3366 680 3420 quae
706 3350 908 3405 nominavimus
935 3351 1038 3420 oppida
1063 3352 1091 3405 in
1116 3351 1279 3421 regionibus
1299 3365 1370 3419 quae

235 3441 271 3496 ad
288 3439 450 3510 Euphraten
468 3440 641 3506 superiorem
660 3439 799 3507 pertinent
818 3440 871 3493 sita
889 3445 967 3493 sunt:
987 3442 1163 3508 Europum
1176 3439 1371 3510 Cyrrhestioae

235 3529 333 3585 tribuit
349 3528 465 3583 Ptolem.
485 3529 512 3582 V
526 3529 568 3596 15,
586 3530 700 3596 §13s3
719 3527 811 3596 Kuhu‚
830 3527 908 3582 Verf.
929 3527 955 3581 d.
975 3532 1043 3581 rbm.
1062 3527 1191 3597 Bombos,
1211 3529 1247 3596 II,
1266 3545 1293 3595 p.
1307 3531 1370 3584 322.

236 3617 366 3674 --Sura
385 3618 421 3672 ad
438 3616 649 3684 Euphratesiam
668 3616 797 3684 pertinet,
812 3630 867 3684 qua
885 3621 985 3684 postea
1004 3617 1086 3670 etiam
1106 3615 1286 3687 Cyri-hestiae
1304 3633 1368 3671 oon-

234 3709 375 3764 tinebatur
394 3707 423 3775 (l.
437 3723 460 3759 o.
473 3723 500 3774 p.
514 3706 587 3773 323).
602 3735 635 3744 —-
649 3705 781 3759 Edessa
800 3705 921 3776 donique
941 3710 1001 3759 erat
1019 3689 1104 3773 eaput
1122 3705 1279 3761 Osrhoenos
1298 3721 1370 3775 quae

236 3798 345 3868 quidem
370 3795 404 3850 ab
424 3793 609 3863 Euphratesia
632 3793 659 3847 in
683 3793 819 3848 orientem
844 3798 927 3864 atque
946 3793 1089 3848 meridiem
1114 3798 1190 3848 trans
1209 3792 1371 3862 Euphraten

235 3901 323 3956 usque
343 3885 379 3939 ad
397 3899 460 3938 eum
478 3882 571 3936 looum
590 3882 713 3951 patebat,
732 3883 781 3938 ubi
801 3883 945 3938 Chaboras
963 3883 1054 3937 influit
1072 3882 1167 3952 (Kuhn
1186 3899 1213 3951 p.
1233 3885 1306 3952 324).
1337 3885 1370 3937 In

235 3975 332 4030 eadem
350 3973 489 4028 Osroeues
507 3971 653 4038 provincia
671 3971 740 4026 sitae
760 3976 840 4027 erant
858 3971 1021 4028 Carrhae.
1042 4003 1075 4012 -
1088 3971 1227 4026 Nisibis
1245 3987 1314 4027 voro
1333 3973 1369 4026 ad

233 4065 329 4133 ipsam¹
340 4060 568 4129 Mesopotamiam
587 4060 754 4130 pertinebat.

338 4169 367 4237 3)
385 4169 453 4220 Lue.
473 4179 565 4234 quom.
584 4164 647 4219 hist.
675 4167 753 4230 531:
790 4165 842 4232 ἤδη
868 4164 953 4237 ruys
982 4185 1065 4226 τινος
1090 4169 1142 4220 καὶ
1163 4169 1199 4220 τοι
1224 4167 1367 4240 μέλλοντα

235 4253 473 4327 συγγεγραφότος
502 4252 623 4316 ἤκουσα,
651 4258 702 4304 καὶ
730 4256 781 4319 τήν
810 4255 900 4320 λῆψιν
929 4255 981 4317 τήν
1010 4252 1196 4324 Ουόλογέσου
1227 4257 1279 4306 καὶ
1313 4256 1365 4318 mir

235 4341 357 4410 Ὀσρόου
378 4340 506 4412 σφαγήν,
533 4339 573 4396 aie
596 4342 855 4411 παραβληθήσεται
876 4343 915 4411 τῷ
934 4345 1040 4408 λέοντι,
1071 4343 1121 4393 καὶ
1151 4343 1199 4396 ἐπὶ
1220 4344 1293 4396 πᾶσι
1315 4345 1365 4396 ι·ο“ν

235 4428 416 4496 τριπόθητον
436 4429 508 4498 ἡμῖν
527 4431 680 4499 θρίαμβον
700 4431 752 4484 eto.
