3280 5190
860 529 894 589 90

307 710 401 774 altera
429 709 502 772 mari
526 709 633 786 Caspio
657 713 687 772 et
710 709 786 770 sinui
808 711 925 772 Persico
955 711 1129 796 adiacent.1)
1175 709 1347 775 Interinisse
1369 729 1442 776 vero

308 829 386 889 bello
416 829 522 887 scimus
545 830 664 902 praeter
693 825 727 885 L.
752 826 860 885 Verum
884 828 975 887 Marci
997 826 1128 908 fratrem,
1158 830 1196 888 ad
1218 848 1304 905 quem
1328 847 1443 890 summa

308 944 377 1004 belli
400 947 463 1002 erat
486 941 599 1002 delata:
631 939 756 1000 Statium
776 941 919 1019 Priscum,
957 942 1095 1002 Avidium
1125 942 1268 1022 Cassium,
1303 945 1442 1006 Martium
1486 957 1493 969 ·

307 1058 426 1136 Verum,
445 1059 580 1117 Pontium
595 1057 777 1136 Laelianum,
801 1057 952 1116 Claudium
967 1057 1153 1138 Frontonem,
1178 1059 1341 1120 Geminium
1363 1061 1442 1120 Mar-

308 1174 433 1251 cianum,
458 1168 595 1232 Helvium
617 1174 809 1251 Pertinacem,
833 1168 946 1255 aliosi)
980 1173 1037 1234 Sed
1058 1192 1112 1250 pro
1135 1174 1212 1234 bello
1234 1178 1294 1234 tam
1317 1177 1441 1255 ingenti,

308 1293 369 1349 tam
387 1289 481 1366 gravi,
500 1292 542 1347 tot
554 1290 654 1348 ettam
665 1287 833 1364 longinquis
856 1287 928 1347 loeis
944 1292 1037 1366 gesto,
1063 1291 1246 1350 manationes
1269 1308 1344 1365 quae
1356 1291 1441 1350 nobis

308 1404 435 1464 traditae
466 1406 533 1461 sunt
563 1420 650 1477 quam
678 1405 780 1462 tenues
810 1410 887 1482 sunt,
919 1422 1007 1478 qnam
1031 1405 1149 1464 aridae!
1194 1406 1298 1480 Neque
1320 1407 1442 1464 multum

310 1518 402 1597 abest,
433 1521 466 1577 ut
495 1518 611 1577 omnino
634 1516 698 1577 fieri
721 1536 779 1577 non
801 1535 889 1594 posse
912 1519 1004 1596 dicas,
1034 1523 1067 1578 ut
1089 1521 1119 1577 in
1143 1538 1231 1578 unum
1256 1519 1443 1582 conferantur

309 1634 516 1710 legitimusque
538 1651 632 1692 rerum
657 1651 784 1692 conexus
807 1634 990 1694 restituatur.

417 1748 463 1808 Ex
486 1766 605 1807 numero
628 1766 724 1808 rerum
748 1750 921 1824 scriptorum
939 1750 1065 1810 eminent
1088 1748 1279 1829 Capitolinus,
1304 1751 1441 1812 DioOas-

310 1865 381 1943 sius,
405 1864 525 1941 Fronto,
549 1863 707 1922 Lucianus.
754 1863 799 1923 Dc
823 1863 868 1922 his
892 1863 977 1924 liceat
1000 1882 1095 1939 pauca
1115 1864 1266 1924 adnotare.

417 1975 500 2049 Quae
523 1977 705 2052 Capitolinus
729 1980 758 2036 in
781 1979 850 2037 vitis
873 1979 964 2038 Marci
988 1983 1017 2038 et
1040 1979 1109 2039 Veri
1131 1980 1265 2059 praebet,
1288 1983 1444 2041 maximam

310 2097 422 2169 partem
440 2109 476 2151 ex
499 2091 581 2151 libris
605 2092 640 2151 L.
652 2093 736 2152 Marii
760 2093 879 2152 Maximi
902 2094 1009 2152 hausta
1032 2097 1109 2172 sunt,
1134 2113 1220 2169 quem
1244 2097 1319 2155 inter
1342 2114 1443 2156 omnes

311 2212 427 2268 constat
462 2208 652 2284 praecipuum
689 2210 860 2284 scriptorem
890 2206 981 2268 fuisse
1015 2227 1111 2269 rerum
1146 2209 1183 2268 ab
1218 2210 1443 2286 imperatoribus

310 2320 449 2384 Romanis
473 2323 541 2382 inde
564 2343 582 2381 a
607 2323 707 2382 Nerva
733 2319 926 2401 gestarumi)
956 2322 1111 2381 Praeterea
1142 2318 1323 2392 Quadratum
1354 2323 1444 2393 „belli

313 2435 445 2499 Parthici
468 2439 659 2513 scriptorem‘t
691 2436 833 2515 laudati)
872 2438 954 2496 cuius
986 2437 1167 2506 „historiac“
1192 2439 1279 2496 etiam
1302 2438 1442 2497 Vulcacio

311 2554 462 2616 Gallicano
486 2556 572 2612 notae
595 2547 755 2625 fuerunti)

415 2667 442 2727 Δ
472 2667 635 2743 Capitolino
666 2685 731 2724 cum
762 2666 798 2725 ad
829 2666 953 2726 Dionem
982 2665 1114 2726 Cassium
1141 2668 1304 2746 transieris,
1335 2670 1364 2726 iu
1393 2669 1442 2728 Xi-

311 2783 418 2861 phiiini
447 2786 573 2860 epitome
597 2782 647 2842 tib.
673 2785 713 2840 71
738 2782 907 2840 Parthicum
931 2780 1040 2841 bellum
1070 2783 1256 2857 paucissimis
1279 2782 1377 2842 verbis
1400 2786 1443 2842 at-

311 2896 387 2978 tingi
410 2915 581 2976 cognosces,
615 2897 721 2956 bellum
748 2905 854 2975 auutcm,
892 2897 971 2972 quod
1000 2916 1064 2956 cum
1087 2898 1302 2957 Marcomannis
1332 2896 1443 2968 Quadis

312 3014 473 3091 Jazygibus
504 3009 625 3073 Romani
661 3014 700 3072 M.
732 3013 851 3073 Aurelio
881 3012 1029 3071 Antonino
1067 3013 1241 3088 imperatore
1277 3016 1442 3091 gesserunt,

314 3131 405 3190 multo
433 3125 525 3190 fusius
556 3132 644 3203 atque
671 3129 838 3187 accuratius
868 3128 1007 3186 enarrari.
1053 3126 1119 3186 Jam
1147 3126 1345 3188 animadverte
1368 3144 1443 3201 quae

421 3350 448 3416 1)
468 3347 517 3401 cfr.
537 3346 653 3414 Capitol.
678 3346 727 3400 vit.
747 3345 815 3401 Veri
834 3363 858 3400 c.
878 3348 902 3401 7.
923 3351 952 3402 1:
974 3347 1029 3413 „ita
1047 3352 1078 3400 ut
1097 3347 1268 3416 Babylonem
1287 3352 1315 3401 et
1327 3345 1442 3400 Mediam

314 3437 492 3507 pervenirent
511 3441 540 3491 et
554 3434 715 3490 Armeniam
734 3436 934 3490 vindicarent“.
970 3435 1085 3490 Lucian.
1105 3452 1197 3504 quom.
1217 3434 1280 3490 hist.
1298 3440 1313 3500 5
1332 3438 1382 3491 30:
1401 3425 1444 3492 εἷς

314 3525 347 3578 δέ
364 3545 409 3584 τις
428 3527 576 3594 βέλτιστος
595 3521 709 3576 ἅπαντα
730 3525 757 3584 ἐξ
777 3523 870 3594 α’ρχῆς
893 3525 924 3583 ἐς
952 3526 1032 3580 τέλος
1051 3525 1085 3575 τά
1111 3525 1316 3592 πεπραγμένα,
1337 3522 1392 3574 ὅσα
1414 3523 1445 3573 ἐν

313 3613 459 3685 Ἀρμενίᾳ,
487 3609 542 3664 ὅσα
567 3611 599 3664 ἐν
617 3613 724 3680 Συρίᾳ,
751 3609 805 3664 ὅσα
825 3613 857 3663 ἐν
875 3612 1103 3678 Μεσοποταμίᾳ,
1128 3606 1230 3657 1άέπὶ
1250 3607 1291 3674 τῷ
1312 3611 1445 3676 Τίγρητι,

315 3702 350 3752 τά
375 3700 406 3752 ἐν
433 3697 544 3766 Μηδίᾳ,
571 3701 779 3755 πεντακοσίοις
799 3696 860 3750 οὐδ’
888 3694 967 3752 ὅλοις
991 3694 1074 3746 ἔπεσι
1099 3693 1264 3761 περιλαβών
1291 3695 1447 3760 συνέτριψε

315 3788 470 3839 καὶτοῦτο
489 3783 615 3849 ποιήσας
637 3785 773 3853 ἱστορίαν
792 3783 1035 3853 συγγεγραφέναι
1054 3781 1139 3848 φησί.

422 3872 450 3940 2)
469 3871 512 3926 De
531 3870 573 3925 his
592 3870 659 3926 viris
679 3870 806 3925 omnibus
825 3868 897 3922 infra
915 3867 1062 3934 separatim
1082 3881 1197 3936 agemus
1217 3865 1302 3934 (App.
1321 3865 1371 3934 ΙΙ).

421 3962 450 4029 3)
469 3959 518 4014 cir.
538 3958 573 4014 de
593 3959 680 4014 Mario
699 3959 818 4012 Maximo
838 3955 1054 4024 disputationem
1074 3953 1294 4022 copiosissimam
1307 3952 1371 4007 Joh.
1385 3953 1445 4007 Jac.

315 4048 453 4104 Muelleri:
475 4047 542 4114 ,der
561 4044 870 4102 Geschichtsschreiber
902 4043 1005 4098 Marius
1033 4043 1185 4097 Maximum
1216 4041 1244 4096 iu
1274 4041 1446 4110 Buedingeri

317 4137 458 4205 „Unterss
483 4151 505 4188 n.
529 4139 598 4188 rom.
622 4131 845 4202 Kaisergesch.“,
865 4131 928 4185 Vol.
950 4132 991 4186 111
1011 4132 1104 4200 (1870)
1123 4147 1150 4200 p.
1170 4133 1307 4201 17-2023
1334 4129 1446 4199 proprie

316 4226 351 4279 de
370 4213 464 4278 Marco
482 4239 509 4290 p.
527 4223 562 4278 47
581 4237 641 4291 sqq.

421 4311 451 4378 4)
469 4310 518 4364 vit.
536 4311 604 4364 Veri
625 4326 648 4362 c.
668 4311 692 4375 8,
711 4309 736 4362 4.

423 4401 450 4468 5)
471 4399 518 4451 vit.
538 4397 624 4452 Avid.
644 4398 722 4451 Cass.
741 4413 765 4450 c.
786 4398 799 4450 1
820 4397 878 4451 init.
925 4426 927 4431 ·
