3280 5190
843 543 878 599 46

287 723 407 784 iuliano
431 740 519 803 coss,
543 725 573 783 h.
599 742 624 784 e.
647 743 674 784 a.
698 743 729 800 p.
764 722 833 784 Chr.
868 723 931 784 175
947 719 980 804 ¹),
1004 722 1098 782 Nonis
1115 717 1245 803 Juliisl).
1270 755 1311 768 -
1334 722 1422 780 Prae-

287 842 368 899 terea
393 839 598 917 comperimus,
621 837 803 916 Faustinam,
826 855 914 913 quam
938 841 1053 896 eonslat
1082 855 1159 897 anno
1190 838 1255 896 174
1280 840 1421 907 „matrem

287 958 472 1013 castrorum“
497 953 535 1012 ab
565 954 695 1012 exercitu
718 969 783 1014 esse
806 953 985 1029 appellatam
995 951 1029 1032 3),
1053 953 1183 1012 Marcum
1210 950 1364 1029 coniugem
1390 953 1419 1010 in

286 1067 426 1126 orientem
451 1071 578 1128 seoutam
602 1067 632 1126 in
654 1067 750 1127 reditu
773 1067 906 1147 Halalae,
936 1067 1045 1144 oppilio
1067 1067 1122 1127 sub
1152 1067 1299 1126 radicibus
1325 1067 1420 1126 Tauri

284 1183 390 1241 montis
415 1179 516 1264 sitoi),
542 1188 685 1242 mortuam
709 1199 774 1242 esse
785 1179 819 1252 ⁵).
865 1181 970 1242 Fuisse
998 1187 1095 1242 autem
1125 1182 1206 1242 illam
1235 1183 1418 1244 interrivos

284 1315 361 1356 anno
386 1299 461 1376 173,
486 1299 652 1357 testimonio
675 1298 753 1357 tituli
776 1297 959 1357 Henneniani
982 1295 1102 1378 60151)
1125 1315 1180 1373 pro
1205 1301 1283 1358 eerto
1307 1302 1418 1356 est-

285 1411 389 1485 Neque
412 1410 553 1488 neglegas
576 1413 693 1472 titulum
716 1411 947 1472 Alexandrinum
961 1410 985 1494 ⁷)
1009 1413 1059 1487 qui
1082 1429 1109 1471 a.
1135 1413 1197 1470 176
1225 1412 1255 1470 10
1276 1411 1417 1470 honorem

284 1520 471 1601 imperatoris
494 1528 608 1602 positus
638 1543 703 1586 esse
725 1526 855 1606 videtum
886 1527 964 1586 huno
994 1527 1070 1588 enim
1100 1525 1242 1586 seditione
1272 1541 1417 1600 oppressa

281 1642 312 1699 in
343 1641 489 1722 ,Aegypto
524 1642 586 1701 sive
615 1639 811 1701 Alexandriae
846 1643 1054 1701 commoratum
1085 1656 1150 1700 esse
1186 1639 1276 1699 tradit
1298 1637 1414 1714 Capito-

281 1754 359 1813 linus
370 1751 405 1835 8).
439 1735 441 1742 '

387 1869 470 1929 Haeo
492 1871 589 1928 omnia
613 1870 637 1928 si
661 1869 885 1948 computaveris,
917 1867 989 1943 quid
1013 1865 1191 1926 oonoludes?
1225 1866 1303 1926 Num
1331 1865 1413 1925 dubi-

280 1988 327 2044 tas
352 1986 423 2060 quin
453 1986 612 2060 ipsianno
629 1985 692 2044 175
716 1983 872 2044 tribuenda
895 1984 933 2042 sit
952 1981 1056 2042 seditio
1080 1981 1238 2057 opinioque
1253 1981 1412 2058 7700101100-

279 2099 353 2158 tonii
375 2098 545 2158 reicienda?
567 2098 615 2158 An
637 2102 729 2158 totum
753 2115 849 2158 rerum
872 2100 1022 2174 gestarum
1053 2097 1192 2177 ordinem,
1212 2097 1264 2172 qui
1287 2115 1353 2156 oum
1375 2115 1411 2157 ex

279 2234 485 2246 ——n—A-—ou

386 2303 414 2372 1)
432 2302 501 2357 ibid.
520 2319 544 2357 0.
564 2305 606 2372 12,
625 2306 657 2359 3:
678 2302 783 2370 „isdem
803 2301 964 2356 oonsulibus
982 2303 1033 2370 (so.
1051 2301 1154 2357 Pisone
1172 2302 1297 2372 Juliauo)
1316 2307 1410 2371 togam

277 2391 385 2446 virilem
402 2391 539 2460 aceepit“.

389 2498 417 2566 2)
436 2496 534 2552 151010.
544 2500 593 2568 2,2
612 2496 680 2566 (vid.
687 2511 751 2566 pag.
759 2497 802 2566 45,
816 2497 921 2565 0009).
935 2528 968 2536 -
982 2498 1025 2552 110
1034 2497 1111 2552 fonte
1119 2497 1270 2566 Lampridii
1276 2497 1332 2550 vid.
1341 2511 1411 2566 quae

282 2583 415 2638 adnotavi
433 2585 469 2638 ad
489 2583 567 2653 App.
586 2585 744 2640 1141060.
763 2587 859 2654 (000).
872 2615 906 2624 -
920 2585 976 2640 Cir.
996 2587 1078 2641 etiam
1097 2587 1185 2655 Capit.
1204 2587 1252 2640 vit.
1271 2587 1355 2640 Maro.
1369 2589 1411 2656 22,

280 2674 327 2727 12:
356 2672 444 2740 „Filio
464 2673 618 2728 Commodo
643 2674 778 2729 arcersito
798 2674 833 2728 ad
852 2673 965 2728 limitem
985 2679 1079 2744 togam
1098 2675 1205 2730 virilem
1224 2674 1327 2744 demta,
1352 2674 1410 2729 soil.

280 2765 428 2829 postquam
447 2760 583 2815 Romaiu
602 2762 773 2816 Pannoniam
792 2763 868 2816 illum
887 2762 1033 2816 arcessivit
1051 2763 1117 2831 (Dio
1138 2764 1180 2832 71,
1193 2766 1236 2832 22,
1255 2765 1292 2833 2).
1305 2796 1339 2804 -
1353 2764 1409 2820 Cir.

280 2848 402 2919 denique
420 2849 528 2904 Eokhel
546 2850 580 2906 D.
599 2868 626 2905 n.
645 2853 700 2906 VII
719 2867 746 2919 p.
767 2854 827 2907 102.

384 2947 412 3016 3)
431 2947 464 3000 10
487 2946 574 3001 titulis
596 2948 757 3002 Faustinam
776 2965 832 3003 nou
851 2949 945 3004 inveni
964 2953 1088 3003 ornatam
1108 2951 1219 3016 „matris
1238 2955 1407 3006 castrorum“

222 3097 224 3102 y
276 3036 397 3104 nomine,
422 3037 496 3104 (nam
516 3035 625 3090 titulum
644 3035 727 3091 Orell.
747 3037 800 3092 876
824 3068 859 3076 -
879 3038 933 3091 vid.
953 3037 1015 3090 infr.
1035 3037 1090 3092 Tit.
1109 3056 1136 3094 n.
1156 3040 1189 3096 17
1209 3072 1242 3080 -
1261 3041 1408 3110 interpola·

276 3129 334 3178 tum
361 3139 423 3179 esse
449 3129 525 3179 reete
550 3125 686 3179 iudieavit
704 3127 852 3180 Hennenus
874 3127 916 3180 ΙΙΙ
939 3144 966 3195 p.
985 3127 1040 3195 87),
1068 3143 1165 3182 verum
1190 3131 1358 3198 compluries
1381 3130 1409 3184 in

276 3211 380 3267 sumis:
412 3212 452 3266 sie
479 3212 583 3282 Cohen,
610 3211 683 3268 Med.
707 3212 873 3283 imperiales,
896 3214 960 3269 Vol.
979 3216 1015 3284 II,
1033 3215 1166 3271 Faustino
1179 3217 1275 3288 janne,
1294 3235 1320 3272 0.
1340 3220 1408 3276 24.

276 3304 319 3357 29.
338 3303 380 3357 69.
400 3302 538 3357 145152.
558 3303 618 3358 192.
638 3303 697 3359 194.
721 3305 781 3359 195.
795 3304 925 3371 (Numum
944 3320 971 3356 n.
991 3303 1042 3359 194
1063 3303 1203 3372 depictum
1222 3305 1324 3377 habes:
1343 3307 1408 3375 plau

276 3389 345 3442 XIX
364 3388 400 3442 ad
419 3388 483 3442 Vol.
502 3389 538 3458 ΙΙ,
557 3404 622 3458 pag.
641 3392 714 3460 592).

382 3487 411 3554 4)
431 3485 463 3538 10
481 3484 535 3539 hoo
554 3486 716 3554 provinciae
737 3487 934 3555 Cappadociae
959 3489 1092 3557 oppidum
1111 3491 1221 3544 Marone
1245 3498 1345 3560 postea
1363 3510 1408 3547 00-

277 3573 380 3626 leniam
404 3571 520 3626 deduxit
544 3589 701 3642 nomenque
727 3574 855 3636 00100100
879 3575 958 3630 dedit
975 3577 1175 3646 Faustinopoli.
1202 3610 1235 3618 -
1263 3579 1407 3636 01011οι-

276 3662 385 3731 quardt,
403 3662 421 3715 l.
436 3678 468 3730 0,,
487 3663 595 3730 10215
610 3664 684 3731 (oum
697 3669 764 3717 nota
776 3666 806 3732 5)
819 3695 853 3705 -
867 3664 956 3732 Capit.
970 3665 1053 3719 Maro.
1068 3668 1109 3737 26,
1122 3668 1148 3721 4.
1163 3698 1196 3706 -
1209 3667 1320 3724 Recens
1332 3670 1407 3724 istud

275 3765 376 3805 nomen
395 3749 521 3805 00100100
541 3750 654 3804 05νίοι0
673 3755 717 3805 est
734 3751 762 3804 in
781 3751 948 3806 Itinerariis:
968 3751 1018 3806 eir.
1037 3753 1120 3807 Kuhn
1136 3754 1153 3808 1.
1173 3771 1196 3809 0.
1215 3755 1407 3826 11236(ουιο

275 3843 367 3892 annot.
388 3839 478 3906 1997).

382 3945 411 4013 5)
431 3942 557 4012 Capiti.
578 3959 615 4012 e.3
645 3944 762 4014 111071,
790 3947 823 4000 29
849 3943 923 3998 init:
951 3949 1026 3999 aurci
1050 3944 1082 4001 ot
1109 3951 1160 4002 τᾶν
1184 3949 1275 4003 autor
1302 3953 1406 4007 τοῦτον

275 4030 387 4102 χρόνον
404 4031 555 4103 μετήλλαξε
574 4035 626 4084 καὶ
645 4032 662 4098 ιῑ
682 4037 845 4088 manuviae.

382 4128 410 4196 6)
429 4126 516 4180 Tituli
541 4127 664 4182 Hermen.
684 4130 755 4185 6015
784 4129 897 4199 (repert.
921 4130 1075 4199 Ferentini)
1102 4132 1190 4187 verba
1217 4132 1304 4189 habes
1335 4135 1406 4190 infra

275 4217 327 4271 Tm
347 4233 373 4270 ¹¹·
383 4217 460 4380 7160
479 4265 509 4359 5.Ι
526 4308 558 4359 L.
576 4306 619 4359 III
639 4308 680 4361 13.
700 4306 765 4374 Ipsa
783 4306 871 4362 verba
889 4305 975 4362 habes
994 4305 1065 4360 infra
1083 4307 1139 4362 Tit·
1158 4325 1184 4362 ¹1·
1204 4312 1229 4365 6·

380 4409 410 4478 8)
428 4409 476 4464 vit.
495 4410 580 4464 Maro.
599 4427 624 4465 0.
644 4413 685 4481 26,
706 4411 736 4480 13
757 4409 806 4464 eir.
826 4409 946 4480 Clinton,
965 4410 1040 4464 Fast.
1059 4410 1139 4466 Rom.
1158 4429 1185 4480 p.
1207 4399 1264 4469 170'
1276 4430 1298 4470 s.
