3280 5190
831 501 867 560 28

282 682 409 758 piusque
443 701 462 742 a
500 682 632 742 Lucieno
668 678 872 762 nominatm·¹).
943 681 1039 742 Etiam
1077 681 1165 742 alium
1196 680 1290 740 virum
1320 678 1412 740 babes

282 797 361 873 apud
373 797 500 859 Parthos
523 796 650 860 fortasse
672 793 1087 877 praestantemhothryadem
1110 791 1214 875 dico²),
1238 815 1257 854 a
1279 813 1338 873 qno
1361 793 1411 855 Se-

281 912 419 972 verianus
441 913 636 974 Romanorum
659 913 719 972 dux
741 911 913 973 interiectus
937 929 1002 972 esse
1024 911 1141 972 dicitur.

386 1023 405 1107 ξ
428 1029 459 1087 4.
505 1027 571 1088 Jam
593 1027 672 1105 apud
695 1029 853 1104 scriptores
877 1027 1024 1104 colloquia
1046 1043 1163 1105 quoque
1186 1043 1410 1086 commemoran-

278 1145 327 1201 tur
350 1143 387 1202 ad
410 1160 487 1218 quae
511 1142 546 1202 L.
569 1141 663 1203 Verus
687 1145 769 1220 pacis
794 1143 995 1205 conciliandae
1024 1160 1115 1204 cansa
1143 1160 1208 1202 cum
1230 1141 1349 1202 Parthis
1372 1141 1410 1200 sit

283 1274 469 1333 congressus.
516 1256 625 1319 Scribit
646 1259 722 1319 enim
745 1259 855 1319 Fronto
878 1257 916 1318 ad
939 1255 1096 1340 Verum3):
1129 1257 1212 1334 „regi
1234 1256 1410 1316 Parthorum

278 1374 413 1448 prompte
437 1375 466 1432 et
488 1373 831 1450 gravitcrrespondisti“
857 1369 1025 1449 indicatque
1047 1368 1298 1452 illeFrontoni⁴):
1325 1370 1408 1442 „mit-

276 1488 337 1546 tam
359 1486 414 1546 tibi
436 1490 466 1548 et
489 1503 636 1548 sermones
660 1505 740 1552 meos
764 1506 828 1547 cum
851 1487 985 1548 barbaris
1001 1486 1150 1548 habitos“.
1190 1483 1321 1568 (Solebat
1333 1486 1409 1546 enim

276 1601 418 1662 Frontoni
436 1605 659 1665 commentarios
683 1606 797 1666 mittere
821 1604 858 1665 ab
876 1603 982 1664 Avidio
998 1602 1100 1664 Cassio
1123 1607 1153 1664 et
1175 1603 1314 1664 aMertio
1330 1601 1408 1663 Vero

275 1718 462 1798 compositos,
497 1723 529 1779 ut
558 1714 609 1780 ille
638 1735 686 1778 res
716 1720 746 1778 in
775 1719 853 1779 bello
884 1720 984 1796 gestas
1012 1717 1263 1794 conscriberem).
1310 1717 1408 1796 Atque

274 1833 433 1908 praecipue
456 1833 642 1894 observanda
671 1839 740 1894 sunt
762 1835 854 1895 verba
876 1853 953 1912 quae
976 1836 1094 1895 exstant
1116 1834 1147 1894 in
1169 1833 1269 1893 libello
1292 1833 1343 1910 qui
1365 1833 1408 1892 ln·

276 1947 414 2008 scribitur
438 1949 609 2026 „Principia
632 1949 844 2030 lristoriae“⁶):
875 1951 1008 2022 „litteras
1031 1950 1109 2010 ultro
1132 1947 1263 2028 dederat,
1286 1947 1405 2027 bellum,

274 2063 300 2121 si
322 2062 420 2142 vellet,
445 2065 666 2126 condicionibus
689 2070 828 2143 poneret:
852 2065 920 2126 dum
944 2065 1072 2125 oblatam
1088 2081 1191 2140 pacem
1206 2062 1319 2139 spernit
1340 2061 1407 2120 bar·

273 2177 372 2257 barus,
396 2178 471 2240 mele
495 2180 639 2240 mulcatus
663 2185 739 2241 est.“
773 2213 814 2224 -
846 2179 917 2240 Ounr
946 2180 1095 2255 hisquae
1119 2177 1406 2238 commemoravimus

274 2293 347 2352 locis
371 2295 567 2371 comparanda
590 2299 659 2357 sunt
681 2294 774 2356 verba
796 2295 918 2354 Nazarii
940 2295 1112 2371 panegyrici
1121 2291 1156 2374 ⁷),
1187 2310 1263 2370 quae
1286 2292 1335 2351 hic
1354 2290 1405 2352 ad-

274 2408 403 2470 scribere
425 2409 528 2470 liceat:

384 2523 570 2595 „Antoninus
593 2525 761 2604 imperator,
792 2525 822 2583 in
852 2526 921 2602 toga
943 2528 1099 2602 praestans
1122 2527 1151 2585 et
1173 2541 1231 2583 non
1254 2523 1331 2583 iners
1353 2539 1407 2583 nec

277 2635 369 2697 futilis
392 2638 480 2718 ballo,
511 2658 576 2698 cum
599 2640 756 2700 adversum
775 2641 901 2701 Parthos
925 2642 1014 2702 armis
1038 2641 1232 2718 experiretur,
1265 2637 1338 2698 visis
1361 2654 1408 2696 ca-

275 2752 450 2832 taphractis,
478 2755 551 2815 adeo
575 2759 654 2815 totus
677 2756 707 2814 in
731 2760 838 2816 metum
861 2754 951 2836 venit,
975 2761 1007 2816 ut
1030 2755 1107 2815 ultro
1129 2754 1167 2813 ad
1189 2770 1289 2830 regem
1313 2751 1407 2813 conci-

276 2867 405 2927 liatrices
436 2869 519 2944 pacis
549 2869 652 2929 literas
682 2869 776 2931 daret.
830 2869 913 2943 Quas
940 2889 1005 2930 cum
1028 2887 1090 2949 rex,
1114 2865 1285 2928 immodicus
1309 2866 1408 2945 animi,

274 2983 446 3061 respuisset,
471 2983 627 3044 insolentia
650 2984 766 3060 quidem
781 2984 900 3045 barbari
916 2984 1063 3045 debellata
1085 2990 1139 3062 est,
1163 2982 1215 3043 sed
1227 2980 1407 3060 patefactum

274 3101 328 3176 est,
349 3098 379 3155 in
402 3097 449 3157 his
472 3099 562 3157 armis
585 3102 698 3159 tantam
721 3101 818 3161 inesse
840 3095 1022 3179 violentiam,
1051 3099 1164 3159 utiam
1193 3101 1223 3158 et
1245 3097 1406 3159 vincendus

273 3211 375 3273 fideret
398 3217 427 3272 et
450 3218 643 3289 superaturus
666 3216 812 3276 umerer‘.

380 3327 459 3387 Ecce
481 3329 640 3404 imperator
663 3348 763 3406 regem
786 3334 962 3407 aspernatus
985 3329 1113 3410 quidem,
1137 3333 1167 3388 at
1190 3327 1281 3388 nihilo
1310 3327 1405 3387 secius

274 3442 479 3504 Parthicarum
502 3461 649 3502 armorum
671 3445 702 3503 vi
725 3446 899 3522 perterritus
910 3444 1093 3504 occasionem
1108 3443 1191 3520 pacis
1209 3441 1407 3503 conciliandae

271 3574 426 3634 quaerens.
480 3557 589 3618 Contra
618 3557 798 3620 Frontonem
826 3560 852 3618 si
874 3562 1023 3619 auctorem
1046 3559 1205 3637 sequimur,
1228 3556 1304 3617 aL.
1327 3556 1404 3616 Vero

381 3700 444 3768 1)l.
464 3718 488 3754 c.
506 3702 584 3770 518,
613 3699 647 3768 ἦν
665 3703 797 3773 Ὀσρόης,
819 3709 870 3759 rou
890 3707 919 3757 ol
932 3702 1087 3768 Eiiprec'
1088 3703 1219 3771 ζυροην
1232 3700 1402 3773 ὀνυμέουσι

270 3788 395 3852 *5192
414 3787 538 3858 Οσρόου
553 3830 642 3846 .....
662 3788 834 3852 διανέοντος
853 3795 961 3846 τόν
926 3796 1120 3864 Τίμ-γρητα
1086 3790 1194 3846 -.cfr
1214 3788 1385 3852 etiam52l.

423 3873 550 3938 ’.Αλέξ
532 3900 546 3943 η
568 3877 725 3947 ψευδόμξ
711 3879 781 3942 527.

376 3878 404 3944 2)

375 3964 405 4031 3)
424 3963 459 4016 ad
477 3963 583 4018 Verum
602 3965 630 4019 II
649 3966 663 4017 1
684 3966 723 4034 (p.
738 3968 790 4023 120
801 3969 915 4038 Nabar).

373 4053 403 4121 4)
421 4051 488 4106 ibid.
501 4053 530 4106 Il
542 4057 559 4110 3
572 4055 611 4123 (p.
626 4054 677 4110 132
689 4055 803 4126 Nabar)

373 4139 403 4206 5)
421 4155 448 4207 p.
463 4140 514 4196 131
528 4142 630 4198 Nabar

373 4226 403 4293 6)
421 4242 448 4294 p.
462 4229 514 4284 208
527 4229 629 4284 Nabar.

373 4313 402 4381 7)
421 4313 519 4370 Nanar.
532 4333 556 4370 c.
570 4319 612 4387 24,
626 4318 641 4391 ξ
655 4319 671 4374 6
684 4333 707 4378 s.
727 4319 794 4394 (XII
806 4319 976 4396 Panegyrici
988 4318 1074 4396 latini,
1087 4336 1143 4376 rec.
1156 4317 1308 4396 Baehrens,
1321 4319 1398 4393 Lips.

266 4399 343 4474 1874,
362 4416 427 4474 pag.
442 4404 516 4481 231),
