3280 5190
793 530 827 586 61

244 709 378 786 epistulis
399 710 457 770 illis
480 710 572 770 Marci
595 714 624 770 et
646 705 716 769 Veri
739 706 946 791 subditiciis1)‚
977 726 1098 790 prorsus
1121 707 1269 768 reicienda
1296 706 1376 767 vide-

244 827 302 888 tur.
349 819 407 887 Vix
429 826 506 884 enim
530 825 645 904 credas,
669 824 813 904 Cassium,
837 826 862 884 si
885 829 944 886 tam
967 825 1051 902 gravi
1068 824 1233 900 suspicione
1256 838 1376 898 pressus

244 941 333 1018 esset,
356 942 461 1015 postea
483 943 512 1000 et
534 941 614 1018 apud
636 941 768 1000 Marcum
791 944 821 1000 et
843 940 925 1018 apud,
955 940 1062 1000 Verum
1085 941 1173 999 tanta
1202 937 1377 998 auctoritate

243 1054 455 1130 praevaluisse.
955 1037 958 1042 ¹

346 1167 364 1250 ξ
389 1173 418 1230 2.
465 1169 569 1248 Neque
592 1164 687 1230 maior
709 1169 782 1230 fides
807 1169 964 1230 tribuenda
985 1169 1101 1228 videtur
1122 1167 1282 1228 narrationi
1306 1165 1377 1224 Vul-

244 1285 318 1344 cacii
337 1283 373 1345 de
395 1303 497 1364 pugna
519 1305 537 1344 a
560 1284 662 1346 Cassio
690 1303 755 1345 cum
785 1285 925 1346 Sarmatis
960 1284 1148 1358 commissai)
1178 1287 1208 1343 et
1237 1281 1274 1342 de
1303 1299 1378 1359 pace

244 1403 359 1459 centum
398 1418 541 1461 annorum
586 1416 674 1478 quam
712 1399 750 1460 ab
780 1399 928 1461 Antonino
938 1400 961 1476 ³)
995 1400 1168 1476 impetrasse
1191 1396 1257 1457 illos
1296 1395 1376 1456 dicit.

245 1515 448 1576 Tillcmontius
458 1514 482 1598 ⁴)
513 1516 631 1592 quidem
667 1534 769 1593 paoem
782 1563 785 1568 Α
799 1516 880 1574 illam
910 1510 1095 1574 conciliatam
1126 1530 1191 1573 esse
1219 1512 1284 1572 vult
1310 1514 1379 1606 post

244 1649 271 1689 a.
304 1633 379 1711 166,
412 1630 632 1702 „Antoninnm“
671 1633 762 1709 igitur·
791 1631 936 1707 intellegit
969 1631 1099 1689 Marcum
1128 1627 1287 1690 Aurelium.
1339 1626 1378 1687 nt

244 1745 314 1822 quid
338 1745 433 1805 dicis?
455 1764 552 1807 nonne
575 1747 689 1826 mirum,
719 1747 844 1806 Dionem
866 1745 999 1806 Cassium
1030 1745 1065 1804 de
1093 1744 1170 1804 bello
1198 1744 1378 1811 Marcoman-

150 1912 156 1917 ,
244 1855 311 1920 nico
334 1865 364 1921 et
388 1859 550 1921 Sarmatico
573 1863 739 1922 accuratius
756 1858 948 1922 disserentem
972 1877 1066 1936 neque
1090 1857 1127 1918 dc
1151 1858 1257 1918 Avidio
1276 1857 1378 1918 Cassio

244 1993 340 2052 neque
363 1975 400 2036 de
422 1995 496 2054 pace
519 1976 571 2036 illa
593 1976 706 2052 aliquid
736 1976 894 2036 tradidisse
904 1973 948 2057 ⁵)?
979 1973 1061 2047 Quae
1084 1993 1149 2034 cum
1178 1974 1220 2034 ita
1250 1974 1317 2053 sint,
1342 1973 1378 2032 de

244 2091 393 2152 Antonino
429 2093 482 2152 Pio
512 2091 635 2151 forsitan
665 2092 787 2171 cogites,
820 2087 903 2151 cuius
932 2091 962 2149 in
991 2091 1054 2149 vita
1085 2109 1103 2149 a
1132 2084 1299 2165 Capitolino
1329 2089 1378 2149 de-

244 2207 355 2282 scripta
377 2207 450 2267 haec
474 2206 565 2266 habes
588 2204 727 2286 vc1·ba⁶);
754 2210 804 2276 „et
826 2206 945 2280 Mauros
968 2206 1007 2264 ad
1036 2223 1138 2281 pacem
1169 2188 1378 2282 postulandam

245 2322 340 2398 coegit
378 2325 407 2381 et
445 2320 643 2382 Germanos
682 2324 717 2381 et
751 2320 874 2381 Dacos
909 2324 938 2380 et
983 2320 1090 2380 multas
1134 2323 1237 2397 gentes
1284 2323 1374 2396 atque

243 2437 368 2497 Iudaeos
397 2436 573 2497 rebellantes
596 2437 771 2496 contudit
793 2455 859 2512 per
881 2436 1079 2513 praesides
1113 2455 1155 2495 ac
1188 2435 1377 2512 legatos:“

244 2550 274 2611 in
298 2550 458 2612 Germanos
481 2551 571 2628 igitur
594 2554 623 2612 et
646 2552 743 2612 Dacos
766 2570 847 2612 arms
874 2552 957 2612 illata
984 2568 1049 2612 csse
1072 2551 1235 2629 cognoscis,
1257 2549 1377 2627 quibus-

246 2685 310 2726 cum
333 2665 397 2727 lieri
418 2667 514 2743 potuit
536 2671 569 2751 ut
590 2666 788 2727 Sarmatarum
818 2685 936 2744 quoque
965 2667 1072 2744 populi
1096 2665 1243 2726 coniuncti
1272 2668 1378 2726 essent.

246 2816 288 2826 —
324 2780 406 2841 Haec
447 2781 545 2858 opinio
582 2781 770 2860 Borgneciiq
802 2786 830 2842 et
861 2779 1112 2863 Waddingtonii8)
1158 2782 1275 2842 videtur
1304 2798 1379 2862 esse,

246 2915 369 2976 quorum
391 2897 481 2977 prior,
502 2899 535 2956 ut
564 2894 726 2958 sententiae
749 2896 835 2958 fidem
871 2898 970 2978 addat,
1004 2899 1036 2957 in
1058 2916 1117 2958 nna
1150 2916 1187 2958 ex
1221 2897 1381 2973 provinciis

212 2990 225 3009 '
246 3012 405 3071 minoribus
427 3010 465 3072 ad
487 3011 652 3071 Danubium
682 3013 746 3072 sitis
775 3011 906 3072 Cassium
937 3013 1105 3088 suspicatur
1131 3015 1201 3072 tunc
1228 3012 1381 3087 imperium

247 3127 393 3204 quoddam
417 3126 565 3187 habuisse.
612 3126 687 3187 Sanc
710 3131 739 3186 et
768 3121 832 3202 ipsc
856 3127 892 3186 de
916 3127 952 3186 T.
985 3125 1134 3188 Antonino
1167 3128 1221 3187 Pio
1250 3128 1380 3203 cogitare

354 3282 382 3349 1)
400 3280 449 3334 vit
467 3277 554 3334 Avid.
574 3280 651 3334 Cass.
671 3295 695 3332 c.
715 3282 740 3348 1,
760 3280 776 3334 7
795 3294 855 3348 sqq.
874 3310 908 3318 -
928 3277 985 3334 Cir.
1003 3295 1031 3347 p.
1050 3280 1085 3335 57
1104 3295 1125 3333 s.

353 3368 640 3438 Dmctfflffi

353 3460 381 3525 3)
399 3457 439 3512 ib.
458 3475 482 3511 c.
501 3458 526 3526 4,
546 3460 575 3513 9:
622 3461 669 3524 „nt
700 3472 799 3526 pacem
823 3459 934 3511 centum
960 3471 1094 3510 annorum
1113 3456 1148 3511 ab
1168 3456 1314 3511 Antonino
1334 3456 1381 3512 ab·

249 3550 327 3602 sonte
346 3549 501 3615 peterent“.

353 3636 382 3706 4)
401 3635 551 3690 Tillcmont
563 3635 713 3705 (edParis.
727 3636 807 3705 1720)
820 3636 886 3690 Vol.
898 3635 927 3689 II
938 3651 966 3703 p.
979 3635 1032 3691 357
1045 3650 1066 3688 s.
1086 3633 1155 3689 haec
1174 3632 1301 3689 exhibet:
1323 3633 1380 3700 „On

248 3728 317 3792 peut
328 3727 456 3792 raporter
469 3725 486 3776 a
498 3740 530 3778 co
545 3725 675 3792 temps-ci
691 3740 723 3779 ce
738 3740 793 3794 que
817 3739 889 3777 nous
907 3723 994 3777 lisons
1014 3721 1165 3777 d'Avidius
1184 3721 1306 3791 Cassius,
1335 3721 1382 3791 qui

248 3817 332 3882 ayant
350 3812 375 3865 si
392 3811 459 3867 bien
478 3810 568 3868 reussi
587 3817 684 3867 contro
702 3813 744 3867 les
766 3811 891 3881 Parthos,
910 3810 1029 3881 ponvoit
1048 3811 1127 3865 avoir
1146 3808 1204 3866 esti
1225 3808 1327 3880 chargd
1347 3809 1381 3865 dc

248 3901 317 3955 faire
337 3901 365 3954 la
382 3915 484 3970 guerre
503 3916 558 3954 anx
577 3900 733 3956 Sarmates“
754 3904 808 3955 etc.

356 3989 384 4057 5)
403 3988 574 4057 Quamquam
597 3987 672 4044 idom
696 3983 732 4044 de
756 3988 834 4057 pacis
860 3986 1073 4042 condicionibus
1098 3987 1133 4043 ab
1158 3987 1315 4058 Jaaygibus
1334 3985 1382 4041 ob·

248 4075 311 4131 latis
330 4076 415 4130 mnlta
432 4076 521 4132 verba
537 4076 606 4132 fecit
623 4078 679 4146 (71,
693 4079 727 4133 13
740 4079 813 4146 sqq.)

356 4167 384 4233 6)
404 4164 522 4233 Capitol.
540 4165 590 4219 vit.
609 4164 745 4220 Antonin.
764 4165 807 4219 Pii
826 4180 850 4218 c.
869 4166 894 4234 5,
906 4165 932 4218 4.

357 4255 385 4322 7)
405 4252 530 4308 Oeuvres
548 4253 591 4308 Vl
609 4257 644 4312 93
663 4269 723 4324 sqq.

357 4342 386 4410 8)
406 4341 515 4410 Compt.
534 4341 612 4396 rond.
632 4341 667 4397 de
686 4339 859 4398 l’Aoademio
879 4339 930 4396 des
942 4340 1025 4397 inser.
1039 4344 1068 4395 et
1079 4338 1289 4408 belles-lettres,
1307 4335 1385 4392 Paris

251 4431 329 4501 1865,
347 4446 377 4500 p.
391 4430 450 4485 121.
