3308 5190
821 541 885 600 90-

276 723 422 790 Oolrenius
434 725 467 808 ¹).
514 725 605 803 Atqui
629 726 785 786 observato
808 721 969 801 diplomate
993 725 1055 803 illo,
1080 725 1163 785 ouius
1206 725 1409 785 auctoritatem

274 843 421 904 infirmare
444 844 495 901 vix
511 841 631 919 audeas,
655 845 810 916 utrumque
833 840 997 917 principem
1009 857 1108 900 mense
1122 835 1227 900 Martio
1251 844 1301 899 ant
1315 839 1409 915 Aprili

274 955 345 1018 anni
367 977 398 1034 p.
412 957 479 1019 our.
505 959 567 1017 166
591 953 643 1016 illo
666 956 751 1017 titulo
774 955 902 1015 nondum
934 972 999 1015 esse
1021 973 1106 1014 usum
1129 955 1221 1015 vides.
1257 955 1293 1012 L.
1317 954 1410 1013 Verus

275 1074 351 1133 euim
386 1074 467 1133 Arm.
490 1073 594 1132 Parth.
620 1091 696 1130 max.
733 1071 909 1149 appellatur,
949 1070 1067 1129 Marcus
1099 1068 1265 1130 Armeniaci
1298 1073 1410 1129 tantum

277 1189 475 1264 appellatione
499 1192 629 1248 ornatur.
653 1186 734 1264 Ergo
757 1190 786 1245 et
809 1186 941 1244 Marcum
966 1189 995 1244 et
1019 1183 1126 1243 Verum
1143 1203 1200 1244 uon
1217 1184 1301 1261 prius
1324 1203 1411 1260 quam

276 1303 344 1364 iude
380 1322 398 1363 a
427 1303 569 1378 triumphi
591 1301 639 1361 die
668 1296 776 1362 Medici
799 1318 905 1359 nomen
929 1301 957 1358 in
981 1299 1131 1359 titulorum
1155 1300 1258 1360 seriem
1278 1300 1414 1360 retulisse

276 1419 339 1478 veri
363 1417 539 1476 simillimum
563 1416 722 1486 videturl).

384 1527 597 1607 Inscriptiones
634 1548 700 1589 cum
739 1531 833 1588 numis
875 1529 911 1589 de
954 1533 1087 1604 tempore
1131 1529 1316 1589 consentiunt
1355 1544 1413 1603 quo

279 1648 470 1723 imperatores
507 1647 627 1706 nomina
661 1645 858 1704 obtinuerunt.
906 1644 945 1703 Ut
978 1662 1066 1702 uuam
1089 1641 1248 1721 proteram,
1277 1638 1308 1701 in
1329 1641 1414 1702 titulo

279 1760 392 1822 urbano
416 1779 502 1837 quem
526 1761 584 1820 inm
608 1754 898 1820 commemoravimus
908 1759 940 1838 ³),
965 1779 992 1818 a.
1016 1758 1088 1818 <LX
1105 1759 1176 1817 Kal.
1200 1757 1281 1833 Sept.
1305 1777 1333 1817 n.
1351 1759 1414 1818 166

279 1880 413 1955 exarato,
443 1878 573 1950 uterque
602 1871 743 1950 princeps
772 1870 896 1950 integris
920 1877 1041 1934 ornatus
1066 1876 1214 1948 comparet
1241 1873 1337 1932 titulis
1361 1873 1415 1932 Ar-

280 1987 404 2051 meniaci
428 1989 559 2049 Parthici
581 1985 702 2049 Maximi
726 1985 842 2067 Medici,
874 2006 971 2065 neque
994 1989 1121 2050 multum
1156 2009 1174 2048 a
1203 1989 1328 2048 veritate
1365 1989 1416 2048 ab·

283 2107 415 2184 horreas,
440 2107 465 2164 si
488 2123 546 2163 non
568 2106 610 2164 ita
632 2106 722 2165 multo
745 2107 813 2181 post
834 2100 1013 2181 triumphum
1042 2108 1192 2180 peractum
1215 2104 1329 2165 titulum
1352 2123 1418 2165 esse
1471 2141 1476 2148 ·

284 2222 456 2297 inscriptum
480 2221 639 2280 existimes.

388 2335 469 2395 llaec
492 2335 589 2393 omnia
612 2336 637 2392 si
661 2335 757 2394 animo
788 2329 1054 2412 comprehenderis,
1085 2335 1243 2409 permirum
1274 2332 1418 2409 estquod

285 2450 314 2509 in
343 2445 428 2508 titulo
463 2449 562 2524 aliquo
591 2448 742 2529 Siguinoi)
772 2450 859 2508 anni
892 2451 965 2508 165
992 2450 1120 2526 insignia
1148 2467 1219 2525 prae
1247 2467 1278 2508 se
1307 2446 1420 2508 ferente

287 2566 403 2624 Marcus
440 2563 607 2640 appellatur·
635 2564 891 2623 Armeniacus
921 2565 1089 2625 Medicus
1120 2566 1332 2625 Parthicus.
1359 2563 1420 2622 Fue

286 2680 444 2755 genuinum
468 2671 533 2737 esse
553 2679 668 2737 tilulum
693 2712 735 2721 -
764 2676 839 2737 nihil
876 2683 973 2738 autem
1008 2681 1160 2739 annotavit
1198 2680 1355 2739 Hennenus
1379 2711 1420 2721 -

288 2789 411 2852 forsitan
450 2793 656 2867 quadr·at::r·ios
687 2793 787 2852 titulos
826 2793 889 2852 illos
912 2795 1098 2870 inscripsisse
1137 2791 1246 2854 iudices
1280 2795 1420 2872 integros,

287 2909 458 2984 priusquam
483 2909 545 2968 iure
568 2927 603 2967 ac
627 2909 731 2968 merito
753 2909 913 2983 imperator
940 2908 1093 2969 obtineret.
1140 2909 1197 2970 Sed
1227 2910 1300 2969 hoec
1324 2909 1421 2984 opinio
1466 2932 1470 2937 ·

292 3041 357 3082 cum
380 3041 434 3098 per·
458 3041 490 3082 se
514 3024 580 3098 ipsa
602 3025 639 3082 sit
655 3023 753 3102 dubio,
778 3023 945 3099 sorripulum
969 3023 1022 3088 tibi
1045 3028 1123 3083 certe
1146 3020 1250 3099 opinor
1272 3025 1424 3100 impuuget

290 3140 524 3198 commemoratio
548 3135 668 3197 honoris
691 3156 750 3212 quo
779 3139 861 3198 vides
892 3139 1054 3214 principem
1083 3142 1215 3196 ornatum
1246 3139 1334 3213 plane
1365 3139 1423 3196 sin-

290 3253 412 3332 gularis,
436 3253 500 3311 dieo
522 3249 765 3328 sigrrilicatlonem
797 3253 964 3328 „pacatoris
994 3248 1095 3310 orbis“
1126 3270 1181 3312 neo
1210 3254 1305 3312 miuus
1334 3253 1426 3314 verba

295 3368 324 3426 in
349 3367 406 3426 fine
423 3365 616 3446 conspicua5)
641 3369 668 3426 iu
681 3369 906 3427 ostentationem
922 3366 1117 3426 futilissimam
1142 3360 1286 3443 quaesita.
1311 3367 1423 3426 Similia

293 3501 363 3542 saue
390 3481 527 3557 leguntur
550 3483 579 3539 iu
603 3481 695 3539 titulis
719 3480 787 3540 indo
810 3501 828 3540 a
851 3483 937 3541 tertio
961 3486 1080 3541 nostrae
1103 3499 1191 3541 aerae
1216 3483 1333 3543 saeculo
1357 3501 1425 3542 exa·

402 3686 428 3752 1)
448 3682 555 3738 Eokhel
574 3683 630 3737 Vll
650 3699 676 3751 p.
697 3687 740 3752 52,
760 3684 856 3738 Cohen
875 3701 902 3738 n.
922 3686 972 3740 731
993 3685 1103 3752 (numus
1122 3684 1233 3754 116161);
1253 3685 1359 3740 Eclrlrel
1373 3686 1427 3739 Vll

292 3792 319 3843 p.
338 3777 381 3841 92,
401 3771 497 3827 6611611
522 3789 547 3825 n.
568 3773 750 3838 recurramus
770 3774 866 3840 Veri);
891 3772 941 3827 clr.
965 3773 1071 3827 Eokhel
1096 3774 1150 3827 VII
1169 3791 1196 3842 p.
1216 3777 1258 3830 73.
1283 3792 1309 3844 p.
1329 3777 1372 3831 97.
1393 3804 1427 3813 -

293 3865 423 3918 Ceterum
451 3861 479 3914 in
507 3861 593 3914 Marci
621 3877 704 3914 numo
733 3861 836 3929 legitur
863 3862 952 3916 solum
979 3861 1087 3927 „Parth
1111 3863 1183 3917 Max.
1201 3863 1291 3918 Med.“
1324 3864 1427 3917 omisso

295 3951 406 4018 ,‚Arm.“
428 3948 569 4018 (depictus
588 3953 631 4003 est
649 3964 748 4002 numus
767 3951 867 4004 Marci:
887 3950 983 4005 Coherr
1002 3950 1029 4003 Il
1048 3951 1112 4019 plan
1133 3952 1165 4006 16
1186 3951 1233 4020 (ad
1252 3969 1279 4020 p.
1298 3953 1372 4020 496),

401 4055 430 4122 2)
450 4054 506 4108 Cir.
527 4070 639 4122 quoque
660 4053 900 4111 C.J.1..113234
919 4057 1057 4124 (Lazuaoe
1076 4057 1155 4124 rep),
1175 4055 1223 4110 ubi
1236 4056 1346 4112 Marcus
1365 4056 1428 4124 ipso

294 4161 367 4198 anno
388 4146 439 4199 166
458 4141 614 4210 appellatur
632 4141 721 4194 solum
743 4141 839 4207 „Arm
858 4161 885 4212 p.
905 4146 966 4196 m.“.

403 4234 431 4299 3)
451 4230 533 4284 Orell.
553 4231 606 4285 874
621 4256 652 4278 =
667 4230 697 4284 C.
711 4231 738 4284 J.
751 4235 783 4286 L.
798 4232 838 4285 v1
850 4234 911 4287 360.
932 4263 965 4270 -
985 4231 1049 4284 vid.
1063 4246 1126 4300 pag.
1145 4233 1195 4300 343
1214 4233 1269 4287 Tit.
1283 4251 1309 4287 n.
1324 4237 1365 4290 23.

402 4322 431 4387 4)
451 4319 533 4372 Orell.
553 4319 613 4373 859.
634 4349 667 4357 -
687 4318 752 4372 Vid.
771 4319 825 4372 rit.
844 4337 869 4374 n.
889 4322 915 4374 4.

403 4411 431 4476 5)
453 4406 499 4472 „P.
524 4406 669 4461 Cornelius
694 4408 858 4462 Camerinus
884 4408 1081 4463 devotissimus
1109 4409 1213 4463 numini
1236 4409 1429 4480 maiestatique

298 4499 384 4552 erus“.
