3280 5190
748 538 781 596 19

196 721 400 798 praecedentis
422 722 501 780 numi
524 721 575 780 illa
597 739 656 780 non
680 717 857 802 6611166611).
905 714 991 780 Η666
1008 719 1217 797 profectionem
1240 720 1329 798 signi·

197 835 279 896 ficari
301 855 365 897 eam
389 855 477 912 quam
500 836 595 897 Verus
617 838 719 915 Roma,
743 855 801 896 non
825 855 888 896 earn
912 854 1000 911 qnam
1015 835 1172 896 Antiochia
1194 835 1273 916 facit,
1297 840 1330 896 ut

171 953 334 1028 'opinatur
357 949 556 1031 Eckholiusl),
592 953 689 1028 quivis
712 953 784 1011 mihi
808 949 985 1032 6666611613).
1025 985 1067 994 --
1102 952 1181 1028 Ergo
1212 969 1269 1010 non
1293 969 1330 1011 cx

197 1067 282 1126 Italia
306 1066 408 1146 solum,
440 1068 492 1128 sed
516 1068 581 1143 ipsa
603 1068 696 1127 Roma
725 1085 802 1126 anno
827 1069 889 1126 162
913 1066 1008 1126 Verus
1039 1065 1188 1143 proiectus
1212 1066 1329 1126 videtur

197 1198 270 1261 esse,
301 1185 389 1258 atque
418 1183 561 1260 suspicor,
586 1183 634 1242 vel
655 1183 816 1258 posteriorc
847 1183 925 1242 illius
949 1183 1017 1242 anni
1047 1187 1132 1259 parte
1161 1185 1192 1242 in
1215 1181 1329 1258 Syriam

198 1313 263 1354 eum
305 1296 470 1356 advenisse.
537 1292 602 1366 Quo
638 1313 714 1354 anno
751 1296 780 1353 iu
811 1294 896 1371 Syria
934 1313 998 1355 eum
1028 1293 1120 1354 fuisse
1149 1294 1331 1354 demonstrat

162 1468 164 1474 ,
197 1410 302 1470 1116166
325 1410 432 1469 Wadd.
456 1429 485 1468 6.
512 1410 597 1468 2562
622 1409 676 1487 di),
708 1403 794 1485 quern
826 1415 893 1485 post
921 1410 1078 1470 adventum
1109 1411 1136 1470 61
1165 1409 1329 1469 dedicatum

199 1541 264 1584 esse
287 1525 478 1585 coniectando
501 1523 588 1584 facile
612 1525 783 1603 concludes,
808 1525 908 1584 laudat
932 1527 1008 1586 enim
1034 1525 1137 1585 titulus
1153 1524 1261 1585 Verum
1286 1542 1331 1584 so-

198 1640 268 1718 lum,
292 1641 422 1699 Marcum
439 1659 497 1699 non
521 1641 599 1700 item.

676 1957 781 2044 capul
806 1957 851 2027 ΙΙΙ.

347 2192 350 2197 ,
399 2121 443 2175 lle
465 2121 671 2188 sculptoribus
695 2121 770 2176 bolll
792 2122 965 2176 Armeniaci
989 2121 1130 2176 Parthlol

562 2218 792 2273 observationes
810 2219 968 2289 61166615).

304 2371 425 2431 Constat
448 2371 555 2432 bellurn
579 2373 784 2432 Armeniacum
814 2378 844 2434 ct
871 2375 1040 2434 Parthicum
1050 2375 1073 2449 ⁶)
1101 2373 1188 2450 longe
1211 2375 1328 2451 lateque

198 2487 338 2565 patuisse,
369 2490 458 2561 atqua
481 2490 580 2562 copias
605 2488 723 2548 duxisse
746 2490 925 2565 proeliisque
952 2487 1120 2550 interfuisse
1149 2493 1227 2550 viros
1251 2493 1328 2550 illius

199 2603 304 2661 aetatis
331 2603 582 2677 praeclarissimos
606 2609 635 2663 et
650 2601 834 2664 fortissimos.
880 2606 1056 2666 Dimicatom
1073 2608 1149 2666 eninr
1173 2625 1236 2667 esse
1253 2627 1328 2666 oom-

199 2716 326 2791 666666
348 2717 378 2775 16
400 2715 495 2797 Syria,
518 2717 715 2798 Cappadocia,
741 2720 887 2800 Armenia,
910 2722 1132 2801 Mesopotamia,
1157 2721 1330 2801 Babylonia,

198 2831 304 2909 Media,
335 2833 423 2890 armis
452 2834 540 2908 igitur
567 2839 689 2894 vexatas
713 2853 777 2895 csse
807 2855 907 2908 omncs¹
929 2837 994 2896 illas
1018 2839 1162 2915 regiones,
1194 2855 1270 2912 quae
1293 2837 1330 2896 ab

200 2945 294 3004 altera
318 2947 434 3021 quidem
459 2953 542 3023 parte
563 2951 636 3008 mari
659 2952 753 3010 modio
778 2953 933 3028 cinguntur
956 2971 991 3012 ac
1014 2955 1107 3013 Ponto
1132 2952 1257 3031 lirrxino,
1293 2952 1330 3010 ab

310 3147 337 3213 1)
356 3147 485 3200 Ceterum
511 3147 612 3202 similes
636 3147 723 3204 habes
748 3167 846 3204 numos
870 3168 942 3205 anno
967 3157 1102 3220 sequente
1127 3156 1165 3222 (p.
1185 3153 1248 3208 Chr.
1268 3157 1330 3223 163)

203 3235 341 3303 signatos:
367 3251 393 3287 v.
413 3233 510 3289 Cohen
533 3236 550 3288 l.
575 3253 599 3289 c.
623 3254 648 3290 u.
675 3241 733 3307 164,
761 3241 820 3294 165.
864 3241 970 3296 Eckbel
989 3243 1045 3296 VII
1068 3259 1095 3310 p.
1119 3246 1161 3298 90.
1199 3244 1255 3298 Sed
1278 3244 1331 3298 hoc

202 3339 258 3376 non
276 3323 316 3376 ita
334 3323 444 3391 mirum,
468 3339 530 3376 nam
554 3341 638 3393 saepo
658 3333 788 3394 repetunt
806 3332 881 3383 nmni
905 3346 949 3384 res
969 3331 1108 3398 prioribus
1127 3332 1205 3385 annis
1223 3338 1330 3400 gestas:

203 3413 259 3464 vid.
278 3411 349 3464 infra
366 3410 445 3479 App.
458 3411 507 3480 IV,
527 3417 579 3477 63.

310 3501 337 3568 2)
358 3500 411 3553 Vll
431 3517 457 3568 p.
476 3503 525 3569 903
545 3519 709 3572 otramqnanr
728 3507 770 3558 tui
789 3507 895 3560 arbitrii
914 3524 977 3564 esse
997 3510 1127 3563 concedit
1146 3509 1189 3563 vir
1208 3509 1334 3562 doctissi-

204 3603 273 3656 mus,
292 3593 384 3641 utrum
402 3589 453 3643 tibi
472 3589 602 3644 videatur
619 3593 678 3645 veri
698 3593 822 3648 similius.

310 3679 338 3746 3)
358 3677 427 3732 Nam
445 3679 493 3731 vix
506 3679 681 3748 crediderim,
700 3682 904 3748 profectionem
916 3681 1069 3738 Antiochia
1087 3685 1188 3738 factam
1206 3687 1235 3740 in
1247 3687 1336 3740 narnis

205 3765 372 3818 celebratam
391 3764 486 3820 fuisse.

310 3853 339 3921 4)
358 3853 454 3907 Verba
471 3854 543 3907 tituli
563 3853 649 3908 habes
667 3855 751 3910 infra:
771 3859 826 3913 Tit.
846 3877 872 3913 6.
893 3862 934 3915 26.

313 3943 340 4009 5)
360 3941 422 3995 Hoc
441 3943 530 4010 capite
551 3943 585 3998 de
604 3943 729 3999 fontibus
748 3946 837 4000 166166
850 3948 989 4004 disserere
1002 3965 1057 4003 non
1072 3950 1154 4004 66116
1168 3951 1267 4020 animo,
1287 3951 1338 4008 sed

206 4044 296 4097 pauca
320 4031 471 4084 16616616
490 4032 610 4086 medium
629 4034 764 4105 proferre,
795 4053 875 4107 quae,
901 4043 1048 4108 antequam
1068 4054 1113 4094 res
1131 4039 1208 4108 ipsae
1228 4057 1338 4096 enarra·

206 4123 309 4186 rentur,
327 4119 429 4173 idonea
448 4120 509 4173 visa
527 4127 592 4175 sunt
609 4127 641 4175 ut
659 4127 831 4180 notarentur.

313 4208 340 4275 6)
360 4207 436 4262 Haeo
455 4209 527 4262 cuim
546 4211 659 4278 propria
677 4214 827 4281 appellatio
846 4217 913 4271 belli
932 4217 1043 4271 videtur
1061 4217 1157 4286 161666,
1176 4223 1207 4272 61
1225 4217 1337 4275 demon·

207 4301 295 4350 strant
317 4296 398 4350 tituli.
434 4297 471 4351 Ut
490 4301 616 4368 exempla
635 4303 756 4373 afferam,
780 4305 837 4358 vid.
861 4306 902 4359 tit.
922 4305 1004 4360 Orell.
1023 4307 1101 4374 3186,
1125 4307 1240 4363 Henzeu
1259 4311 1338 4380 5478,

208 4386 286 4440 5479.
308 4385 384 4454 (Ipsa
402 4385 544 4440 titulorum
562 4390 650 4444 verba
668 4389 754 4445 habes
773 4392 802 4446 in
822 4394 875 4448 1166
894 4393 996 4450 libelli:
1015 4396 1070 4449 Tit.
1090 4411 1116 4448 n.
1134 4397 1249 4454 43—45.
