3308 5190
844 545 879 604 72

292 717 392 778 finium
427 718 673 782 defendendorum
708 738 797 782 causa
837 726 908 781 tunc
942 723 1040 780 eastra
1077 719 1259 780 habuissent.
1320 718 1427 795 Neque

291 836 391 912 inepte
415 837 530 917 conicit,
554 839 646 913 copiis
684 837 795 896 inillis
819 837 986 914 regionibus
1019 839 1090 895 tunc
1124 834 1282 894 imminutis
1303 833 1426 895 Chattos

291 971 322 1013 se
361 972 478 1015 movere
512 954 644 1030 coepisse
667 953 767 1028 itaque
794 950 902 1011 bellum
926 951 1190 1012 Marcomannicum
1232 969 1302 1012 csse·
1331 957 1424 1014 matu·

288 1070 393 1128 ratum.

395 1185 472 1244 Pace
496 1201 559 1243 cum
584 1181 702 1242 Parthis
726 1182 881 1243 conciliata
904 1180 1053 1242 Geminius
1077 1183 1136 1260 leg.
1160 1181 1258 1260 Augg.
1286 1201 1340 1258 pro
1374 1199 1423 1257 pr.

287 1299 457 1375 provinciae
486 1297 612 1357 Arabiae
638 1295 703 1356 fuit.
755 1295 841 1369 Quod
869 1314 973 1356 munus
1002 1316 1066 1357 cnm
1095 1317 1123 1356 a.
1157 1300 1219 1358 169
1243 1297 1421 1376 reliquisset,

289 1410 443 1474 Remmius
465 1414 529 1472 vult
548 1412 696 1482 consulem
720 1431 785 1473 eum
808 1430 873 1473 esse
896 1413 1089 1489 designatum.
1121 1412 1218 1489 Atque
1239 1417 1318 1472 recte
1341 1411 1421 1471 illum

287 1528 434 1589 iudicasse
472 1529 688 1588 demonstratur
716 1528 800 1587 titulo
830 1529 953 1588 Bostrac
983 1533 1066 1588 eruto
1093 1546 1178 1605 quem
1201 1527 1251 1588 ille
1274 1529 1421 1604 cognitum

286 1644 414 1704 nendum
433 1644 562 1704 habebat
574 1644 605 1718 ¹).
630 1643 767 1720 intellegi
782 1645 859 1704 enim
872 1648 969 1720 potest
992 1662 1028 1710 cx
1039 1645 1095 1704 hoc
1117 1645 1211 1723 titulo,
1229 1643 1420 1721 Marcianum,

287 1760 426 1835 quoniam
443 1759 501 1837 leg.
516 1758 853 1836 „Aug.“non„Augg.“
865 1764 997 1839 vocatur,
1027 1760 1155 1837 legatum
1179 1758 1306 1819 Arabiae
1328 1757 1420 1818 fuisse

285 1875 374 1934 etiam
398 1878 466 1952 post
488 1873 523 1934 L.
535 1874 643 1933 Verum
667 1877 822 1953 mortuum,
846 1874 876 1933 h.
901 1892 927 1934 e.
952 1870 1035 1934 initio
1064 1893 1091 1934 a.
1121 1876 1196 1954 169,
1218 1879 1247 1933 et
1270 1872 1418 1934 consulem

284 1990 467 2067 designatum
490 1989 521 2048 in
544 2008 571 2048 a.
598 1991 672 2049 170.
945 1963 947 1968 ¹

385 2104 483 2181 Atque
511 2100 693 2164 Marcianum
724 2107 828 2181 postea
862 2103 1064 2180 proconsulem
1093 2103 1282 2164 Macedoniae
1315 2102 1415 2183 fauisse,

287 2219 412 2295 denique
435 2219 615 2295 provinciam
637 2218 738 2278 Asiam
763 2218 923 2280 obtinuisse
955 2219 1086 2294 sequitur
1112 2236 1148 2279 ex
1175 2219 1268 2279 titulis
1289 2220 1417 2280 Renicrii

283 2336 368 2395 1818
393 2340 422 2394 et
445 2333 478 2395 0.
501 2335 525 2394 Ι.
543 2334 578 2394 G.
605 2337 701 2414 2742,
727 2335 910 2410 coniecitque
937 2331 1216 2415 Waddingtoniusl)
1250 2335 1351 2394 Asiam
1376 2334 1413 2394 ab

280 2445 331 2508 illc
353 2445 588 2509 administratam
610 2467 674 2509 esse
698 2469 724 2509 a.
748 2468 778 2526 p.
802 2449 870 2510 Chr.
894 2452 968 2510 186.

599 2699 630 2771 8)
653 2697 707 2758 De
731 2692 870 2758 Helvio
894 2699 1103 2758 Pertinace.

384 2837 523 2897 Parthico
540 2838 618 2900 bello
631 2838 764 2900 interfuit
786 2835 874 2900 etiam
892 2840 1015 2900 Helvius
1038 2841 1185 2919 Pertinax,
1210 2840 1305 2915 isqui
1327 2837 1407 2898 Com-

277 2949 362 3010 modo
384 2953 480 3011 occiso
503 2953 663 3029 imperator
686 2959 732 3015 est
752 2953 858 3016 factus.
906 2951 1077 3032 Colligimus
1108 2973 1145 3014 ex
1167 2949 1327 3031 Capitolini
1349 2955 1410 3012 vita

277 3061 452 3147 Pertinacis,
476 3064 560 3143 ubi-³)
584 3069 676 3130 verba
698 3071 772 3130 haec
796 3076 876 3131 sunt:
902 3071 1004 3142 „Bello
1026 3066 1166 3131 Parthico
1189 3065 1334 3130 industria
1357 3087 1411 3130 sura

279 3178 455 3254 promeritus
479 3179 508 3241 in
543 3181 729 3245 Britanniam
745 3187 907 3246 translatus
931 3189 1220 3247 estac1·etentus“.
1246 3219 1287 3229 -
1306 3186 1410 3262 Neque

382 3377 409 3444 1)
429 3377 459 3431 C.
479 3377 506 3431 J.
526 3380 558 3430 Ι..
578 3379 667 3446 11196
682 3401 713 3424 =
728 3380 829 3435 Wadd.
843 3383 921 3438 1945.
941 3386 1034 3452 Legas
1052 3383 1162 3436 titulum
1180 3381 1243 3436 infr.
1263 3399 1289 3436 n.
1308 3383 1351 3437 47.

381 3467 409 3532 2)
427 3466 527 3520 Festos
545 3467 595 3520 des
615 3469 763 3535 provinces
782 3469 956 3540 Asiatiques,
975 3473 1036 3526 sub.
1055 3490 1081 3526 n.
1096 3472 1155 3528 158.
1173 3503 1205 3510 -
1219 3471 1335 3526 Silentio
1354 3487 1409 3524 non
1474 3507 1477 3512 -

277 3553 518 3623 praetermiserim,
546 3555 620 3608 tituli
644 3555 877 3626 Aphrodisiensis
904 3559 1053 3615 lectionem
1081 3561 1220 3616 diversam
1247 3576 1310 3614 esse
1334 3558 1409 3626 apud

276 3640 426 3693 Franzium
445 3642 488 3710 (0.
502 3643 528 3696 J.
543 3643 575 3697 G.
588 3645 630 3697 Ill
649 3647 738 3715 2742),
757 3648 918 3703 Renierium
937 3648 1011 3718 (Me'l.
1030 3667 1056 3718 p.
1071 3651 1143 3718 126),
1161 3648 1409 3718 Waddingtonium

276 3729 567 3800 (Foetess.n.158).
605 3734 776 3804 Quamquam
799 3737 868 3792 haec
893 3738 1081 3808 discrepantia
1106 3739 1173 3793 nihil
1197 3739 1284 3796 refert
1306 3738 1341 3791 ad
1360 3752 1408 3789 no-

274 3822 359 3872 stram
378 3820 579 3887 quaestionem.
599 3853 632 3860 -
653 3825 784 3880 Ceterum
803 3827 838 3882 de
858 3827 985 3883 Geminis
1004 3828 1145 3882 Marciano
1165 3833 1275 3896 praeter
1293 3825 1408 3882 Renieri

274 3905 491 3974 disputationem
522 3909 571 3964 cfr.
600 3912 762 3968 Mommseni
787 3918 997 3971 annotationem
1029 3918 1065 3971 ad
1089 3917 1119 3972 C.
1141 3917 1168 3971 J.
1191 3919 1223 3970 L.
1247 3917 1290 3970 III
1307 3932 1333 3969 n.
1359 3918 1408 3984 963

274 3995 375 4049 Wadd.
395 3997 431 4050 ad
449 4014 475 4051 n.
493 4001 562 4053 1945
577 4004 685 4069 etquae
706 4002 838 4058 disseruit
861 4005 890 4059 in
908 4006 1000 4075 „Fast
1020 4006 1047 4059 d.
1061 4023 1087 4074 p.
1101 4005 1212 4060 Asiat.“
1230 4007 1248 4059 l.
1268 4022 1291 4058 c.
1310 4004 1407 4073 Atque

273 4084 337 4137 loco
363 4084 475 4153 quidem
500 4102 582 4154 quem
608 4093 778 4155 postremum
803 4094 908 4147 contrrli
932 4109 1030 4148 cursus
1055 4095 1190 4150 honorum
1209 4093 1342 4148 Marciani
1365 4107 1408 4146 se-

274 4172 395 4226 cundum
413 4173 526 4228 Renieri
546 4177 709 4231 sententiam
729 4181 900 4247 compositus
920 4187 1074 4253 auctusque
1095 4188 1145 4253 est,
1164 4183 1306 4252 habceque
1326 4182 1407 4236 ctiam

272 4261 466 4315 collectionem
493 4262 615 4316 omnium
645 4265 788 4321 titulorum
806 4268 896 4323 adhuc
916 4269 951 4324 dc
970 4271 1110 4326 Marciano
1129 4275 1267 4341 actorum,
1286 4271 1407 4340 quinque

272 4366 396 4404 numero.

378 4440 406 4508 3)
427 4439 516 4508 Capit.
535 4440 583 4494 vit.
608 4441 712 4498 Pertin.
732 4463 755 4499 o.
776 4450 801 4517 2,
820 4449 873 4514 51.
