3280 5190
808 605 845 662 44

258 781 462 846 Marcellinum
479 787 501 861 ¹)
525 787 609 861 sequi
633 786 736 866 mavis,
761 788 791 845 in
815 787 927 862 Illyria.
973 787 1053 848 Idem
1078 787 1133 846 Dio
1156 789 1290 864 testatur,
1313 785 1389 844 Mar-

258 921 324 960 cum
359 920 423 961 cnm
457 902 583 977 primum
622 901 729 961 milites
757 903 786 960 in
816 903 901 978 Syria
936 903 1078 964 rebellare
1117 902 1317 979 comperisset,
1356 898 1385 958 id

258 1018 363 1096 egisse,
388 1020 420 1076 ut
443 1035 531 1091 quam
555 1016 703 1076 celerrime
727 1036 791 1076 cum
814 1018 976 1094 Jazygibus
1007 1037 1108 1095 pacem
1133 996 1219 1078 iniret
1249 1019 1278 1077 et
1308 1014 1390 1074 Com-

257 1131 373 1191 modum
395 1129 485 1191 filium
509 1133 601 1191 Roma
624 1135 827 1206 arcesseret).
875 1133 972 1208 Atque
995 1138 1054 1192 tam
1077 1134 1184 1209 raptim
1208 1132 1392 1191 conciliatam

258 1263 323 1306 esse
345 1264 448 1321 pacem
471 1263 536 1305 cum
560 1241 629 1325 illis,
653 1250 685 1305 ut
708 1252 826 1306 senatus
849 1267 906 1306 non
930 1252 1017 1308 antea
1040 1248 1243 1308 consuleretur
1253 1247 1286 1326 ³),
1311 1246 1390 1322 qnod

258 1362 331 1420 alias
353 1359 416 1430 fieri
440 1360 563 1420 solebat.
599 1357 667 1419 Huc
686 1361 800 1421 accedit
823 1363 901 1437 quod
919 1361 1006 1422 refert
1030 1361 1258 1443 Capitolinusl),
1283 1363 1391 1422 Romae

258 1475 389 1536 homines
420 1477 566 1555 metuisse,
602 1494 638 1536 ne
673 1474 792 1536 Cassius
836 1477 977 1546 „absente
1017 1476 1185 1537 Antonino“
1227 1478 1257 1536 in
1290 1477 1392 1538 urbem

257 1592 379 1668 veniret,
404 1591 432 1649 ai
454 1589 515 1651 fere
537 1591 637 1650 eadem
660 1590 750 1650 tradit
773 1591 929 1651 Vulcacius
954 1591 1122 1652 Gallicanus
1133 1595 1165 1666 ⁵).

332 1761 341 1783 ,
365 1706 446 1764 Haec
475 1706 571 1765 omnia
595 1707 619 1764 si
643 1707 868 1784 computaveris,
903 1707 1034 1765 Marcum
1057 1708 1123 1784 ipso
1146 1706 1297 1766 seditionis
1319 1711 1390 1765 tem-

256 1840 329 1897 pore
351 1823 460 1880 Romae
483 1840 541 1880 non
564 1822 681 1880 affuisse
705 1821 868 1898 intelleges,
894 1821 944 1881 sed
968 1821 1044 1881 bello
1069 1821 1242 1882 Germanico
1266 1825 1295 1881 et
1325 1821 1390 1882 Sar-

258 1939 363 1996 matico
383 1937 485 1995 relicto
500 1938 529 1994 in
544 1937 683 1996 orientem
700 1953 731 1995 se
745 1939 882 1996 continuo
896 1938 1062 1996 contulisse.
1078 1971 1118 1979 —-
1132 1937 1189 1997 Sed
1203 1937 1274 2011 quid
1287 1937 1392 1996 docent

258 2053 325 2112 illae
349 2051 544 2127 epistulaeb?
567 2052 661 2126 Prope
684 2051 804 2110 Romam
824 2053 953 2111 Marcum
978 2052 1013 2112 de
1026 2050 1127 2111 Cassio
1146 2052 1307 2112 rebellante
1331 2071 1391 2112 cer-

259 2169 361 2226 tiorem
379 2184 443 2226 esse
456 2164 563 2225 factum
577 2170 665 2242 atque
678 2168 706 2225 in
721 2166 846 2246 Albano,
871 2167 898 2226 h.
909 2184 934 2225 e.
951 2168 981 2224 in
993 2167 1100 2224 vicinia
1114 2167 1205 2246 urbis,
1218 2186 1282 2226 cum
1301 2186 1392 2227 uxore

260 2282 451 2360 consultasse,
482 2282 553 2356 qnid
582 2282 618 2340 de
647 2281 748 2341 Cassio
773 2280 865 2359 fieret,
901 2285 1080 2355 mortemque
1108 2281 1186 2340 illius
1216 2283 1392 2358 comperisse

258 2415 351 2474 prope
374 2397 517 2474 Formias,
551 2397 685 2454 nimirum
714 2397 742 2453 in
774 2396 839 2470 ipsa
869 2395 972 2473 Italia;
1003 2414 1090 2469 quam
1120 2397 1150 2454 in
1183 2397 1297 2477 itinere,
1327 2417 1391 2458 cum

259 2515 376 2572 Marcus
400 2513 558 2587 imperator
581 2513 638 2570 iam
659 2511 688 2569 in
719 2512 829 2570 oriente
859 2513 947 2590 esset,
980 2512 1143 2571 nuntiatam
1174 2528 1238 2570 esse
1268 2516 1393 2572 testatur

259 2627 359 2699 Dici).

630 2757 659 2787 k

368 2805 394 2872 1)
413 2801 506 2858 Amm.
526 2802 609 2856 Marc.
628 2801 676 2856 lio,
696 2803 738 2856 21.
757 2816 818 2869 cap.
839 2803 879 2870 16,
900 2802 948 2855 11:
976 2843 989 2868 „
1005 2844 1010 2855 .
1026 2844 1031 2855 .
1046 2845 1052 2856 .
1067 2845 1093 2857 ..
1113 2805 1198 2858 Marci
1217 2806 1291 2860 illins
1310 2807 1390 2861 dissi-

259 2893 331 2946 milis
358 2891 492 2960 principis
517 2889 684 2945 verecundi:
717 2889 773 2958 qni,
796 2906 859 2942 cum
888 2891 924 2943 ad
948 2891 1089 2959 imperiale
1120 2893 1227 2948 culmen
1255 2895 1282 2949 in
1312 2895 1391 2965 Syria

260 2982 374 3038 Cassius
399 2979 574 3047 surrexisset,
602 2978 781 3046 epistolarum
806 2977 910 3032 fascem
935 2979 969 3033 ab
995 2995 1029 3033 eo
1055 2980 1091 3034 ad
1116 2983 1245 3037 conscios
1270 2984 1391 3052 missum,

258 3073 397 3142 perlatore
418 3074 500 3136 capto
520 3068 573 3122 sibi
597 3066 728 3135 oblatum,
753 3067 828 3120 illico
848 3067 986 3135 signatum
1006 3069 1085 3122 exuri
1103 3072 1255 3141 praecepit,
1280 3088 1391 3142 agens

259 3161 371 3215 adhuc
396 3159 440 3212 in.
453 3157 617 3226 Illyrico,
643 3172 678 3210 ne
703 3155 911 3210 insidiatoribus
931 3157 1051 3224 cognitis
1070 3158 1174 3212 invitus
1193 3160 1327 3228 quosdam
1345 3161 1391 3216 ha·

258 3251 325 3306 bere
345 3251 443 3317 posset
462 3247 612 3300 offensos“.

366 3337 395 3405 2)
414 3334 468 3387 Dio
482 3335 524 3401 71,
539 3349 562 3386 c.
576 3335 618 3400 22,
639 3335 668 3386 2:
697 3335 748 3386 τοῦ
767 3332 797 3384 δὲ
810 3335 943 3388 Κασσίου
958 3337 1032 3386 anrd
1053 3338 1103 3400 τήν
1121 3337 1239 3405 Συρίαν
1257 3342 1391 3407 νεωτερί-

262 3442 368 3481 σαντος
388 3420 503 3492 σφόδρα
530 3423 685 3490 ἐκπλαγεὶς
704 3421 719 3472 ὁ
738 3420 864 3490 Μάρκος
883 3423 934 3472 τόν
950 3419 1113 3492 Κόμμοδον
1132 3424 1183 3474 τόν
1204 3424 1273 3476 υἱόν
1290 3427 1322 3477 ἐκ
1342 3427 1391 3488 τῆς

257 3512 381 3583 Ῥώμης,
404 3510 442 3566 uic
470 3513 520 3561 καὶ
548 3510 576 3564 ἐς
595 3508 722 3576 ἐφήβους
742 3505 791 3572 ἤδη
812 3509 902 3559 τελεῖν
921 3507 1097 3578 δυνάμενον,
1122 3513 1340 3578 μετεπέμψατο.
1358 3541 1391 3548 -

260 3598 316 3654 Cir.
338 3611 450 3668 quoque
464 3595 529 3650 Joh.
539 3593 718 3664 Antiochen,
738 3595 785 3664 qui
804 3594 873 3650 hacc
892 3593 1018 3650 exhibet:
1039 3595 1150 3648 τούτων
1168 3595 1224 3664 μὲν
1239 3591 1292 3649 οὖν
1307 3597 1391 3650 ἕνεκα

261 3689 276 3740 ὁ
298 3685 420 3754 Μάρκος
439 3685 491 3738 τόν
510 3701 537 3736 τε
555 3681 695 3754 Κόμοδον
721 3685 752 3735 ἐκ
780 3686 829 3746 τῆς
846 3683 961 3753 Ῥώμης
979 3681 1175 3752 διεπέμψατο,
1196 3687 1246 3734 καὶ
1272 3685 1320 3736 ent
1341 3687 1391 3747 cdv

258 3776 377 3840 Συρίαν
408 3773 439 3824 ἐκ
471 3774 520 3837 τῆς
542 3774 694 3829 Παιονίης
715 3769 815 3836 ἐστάλη
841 3769 977 3838 (Mueller,
995 3770 1026 3822 F.
1048 3769 1083 3824 Η.
1101 3768 1134 3823 G.
1152 3771 1194 3824 IV
1212 3769 1265 3840 frg.
1285 3771 1344 3840 118,
1363 3787 1390 3838 p.

259 3861 332 3929 582).
352 3892 385 3900 —
405 3861 575 3917 Commodus
594 3866 686 3915 autem
704 3859 794 3914 Roma
811 3858 956 3926 profectus
975 3863 1026 3926 est,
1052 3859 1075 3911 si
1094 3859 1281 3926 Lampridium
1301 3861 1390 3930 scqui-

259 3966 328 4019 mur,
347 3950 438 4004 medio
458 3965 552 4005 mense
572 3949 644 4003 Maio
664 3952 786 4018 (Lampr.
806 3946 1083 4003 Comm.c.12inii.:
1105 3947 1264 4015 „profectus
1282 3949 1309 4002 in
1324 3950 1390 4004 Ger-

259 4037 375 4092 maniam
395 4039 472 4092 XIV.
491 4037 536 4091 Kl.
555 4035 662 4106 Aeliae,
682 4041 713 4090 nt
730 4041 829 4105 postea
847 4034 1000 4090 nominavit
1018 4035 1038 4102 ).

365 4128 394 4196 3)
413 4126 467 4179 Dio
488 4127 531 4195 71,
551 4127 592 4182 17.

365 4216 396 4284 4)
414 4215 463 4268 vit
482 4215 566 4269 Maro.
586 4217 628 4283 25,
649 4217 673 4268 1.

367 4305 395 4372 d)
414 4303 463 4357 vit.
482 4302 570 4359 Avid.
591 4304 668 4358 Cass.
689 4304 713 4371 7,
734 4305 758 4358 7.

367 4393 396 4459 6)
415 4390 464 4444 vit.
483 4390 567 4445 Avid.
587 4391 666 4445 Cass.
686 4393 710 4446 9.
730 4391 770 4446 10.

367 4482 394 4558 7)
413 4480 468 4533 Dio
487 4481 530 4549 71,
550 4480 592 4538 27.
