3280 5190
758 536 792 591 53

197 711 244 774 At
269 713 451 776 Frontonem
474 733 648 792 praeconem
671 714 741 775 Veri
772 720 802 776 et
823 717 914 775 totius
941 715 1083 791 principis
1107 713 1233 775 familiae
1254 713 1345 774 fuisse

197 821 344 908 apparet,
380 848 434 890 nec
463 832 594 890 cunctari
624 829 762 890 debemus
794 832 978 892 severitatem
1010 831 1182 906 disciplinae
1212 831 1345 890 militaris

198 945 335 1008 ducibus
370 941 440 1005 Veri
474 946 643 1005 attribuere.
696 945 842 1004 Nimirum
872 947 964 1022 ipsius
987 945 1143 1005 Frontonis
1179 943 1345 1006 testimonio

197 1061 247 1119 uti
292 1077 461 1136 possumus:
504 1061 587 1136 legas
621 1076 730 1134 quaeso
776 1055 930 1136 epistolam
966 1060 1003 1119 ad
1037 1059 1174 1118 Avidium
1213 1058 1345 1120 Cassium

198 1175 310 1236 datam
325 1172 357 1257 ¹).

656 1387 827 1475 appendix
853 1388 885 1457 ΙΙ.

322 1527 367 1580 Do
387 1527 589 1581 Romanorum
608 1527 640 1580 ln
659 1527 742 1581 bollo
761 1527 909 1581 Parthico
929 1527 1064 1592 gerendo
1084 1528 1222 1584 ducibus.

508 1654 540 1736 1)
565 1655 607 1715 de
629 1655 778 1715 Attidio
802 1655 1042 1715 Corneliano.

315 1794 411 1872 Supra
433 1797 657 1876 nanavimnsll,
682 1796 822 1855 Attidium
844 1795 1047 1855 Cornelianum
1072 1797 1155 1855 initio
1177 1797 1246 1854 belli
1273 1798 1341 1856 Par-

200 1909 293 1988 thici,
317 1913 384 1968 ante
408 1911 443 1968 L.
457 1911 526 1970 Veri
550 1911 716 1990 adventum,
739 1913 769 1969 in
786 1910 871 1986 Sqnia
894 1911 1088 1987 aVologaeso
1111 1929 1176 1970 esso
1199 1909 1340 1986 fugatum.

199 2027 294 2085 Illum
318 2027 469 2101 cumipse
493 2025 676 2101 Capitolinus
700 2024 859 2105 testetur3)
884 2030 952 2085 tnnc
975 2025 1089 2101 Syriam
1112 2027 1340 2105 administrasse,

201 2139 373 2199 invenimus
398 2142 484 2200 etiam
507 2142 537 2198 in
560 2141 653 2200 titulis
676 2141 797 2218 aliquot,
828 2158 949 2215 quorum
972 2139 1116 2220 primast)
1140 2144 1273 2214 repertus
1298 2146 1341 2202 est

203 2293 321 2346 luxuria
340 2298 369 2347 et
385 2293 501 2347 lascivia
525 2299 552 2348 et
578 2295 635 2347 otio
656 2294 763 2347 diutino
784 2298 941 2360 corruptus.
978 2291 1079 2346 Milites
1098 2289 1268 2348 Antiochiae
1294 2296 1340 2349 ad-

203 2381 290 2435 sidue
315 2381 447 2449 plaudere
471 2382 652 2455 lristrionibns
672 2387 813 2439 consucti“
835 2391 887 2439 etc.
902 2427 908 2438 .
923 2427 928 2438 .
943 2426 969 2438 ,.
1000 2383 1217 2450 „Huiuscemodi
1240 2383 1340 2438 milites

202 2471 311 2538 quibus
329 2471 452 2539 imperiis
471 2474 629 2528 contineres
649 2480 677 2528 ct
695 2474 730 2527 ad
749 2474 858 2544 frugem
876 2479 959 2543 atque
970 2474 1133 2528 industriam
1152 2479 1339 2541 converteres,

201 2575 301 2614 nonne
319 2563 347 2614 te
366 2559 527 2614 Hannibalis
546 2561 655 2631 duritia,
673 2560 802 2616 Africani
821 2562 975 2630 disciplina,
995 2562 1097 2618 Metelli
1116 2561 1243 2630 exempla
1254 2561 1338 2615 histo-

201 2648 257 2700 riis
275 2649 430 2718 perscripta
448 2649 639 2704 docuerunt?“

315 2739 405 2792 Princ.
425 2739 487 2792 hist.
507 2756 533 2807 p.
548 2740 599 2794 206
616 2737 723 2792 Naber:
746 2737 850 2803 ,Lucio
870 2738 970 2791 milites
990 2743 1038 2792 ant
1057 2738 1161 2792 dilectu
1180 2755 1254 2791 novo
1273 2741 1337 2793 tiro-

203 2841 258 2880 nes
284 2827 410 2881 sumendi
435 2827 548 2880 fuerunt
571 2831 619 2880 aut
637 2868 643 2880 .
658 2867 663 2880 .
679 2868 684 2880 .
699 2831 727 2880 et
745 2826 820 2880 molli
845 2827 941 2880 militia
961 2828 1112 2894 cor1·upti“.
1132 2857 1165 2864 —-
1185 2827 1241 2880 Sed
1259 2827 1337 2893 (ibid.

203 2933 233 2985 p.
253 2918 329 2984 205):
360 2916 537 2985 ,tTraiannsl
565 2916 592 2968 in
617 2916 720 2970 bellurn
745 2915 888 2982 profectus
916 2921 958 2970 cst
982 2931 1043 2968 curn
1067 2915 1187 2984 cognitis
1206 2917 1338 2970 militibus

203 3005 315 3059 hostem
334 3004 466 3059 Parthum
484 3005 742 3060 contemnentibus*
764 3009 817 3058 etc.

315 3094 405 3147 Princ.
425 3093 488 3147 hist.
507 3111 534 3162 p.
554 3097 618 3149 206:
649 3094 703 3160 ,ita
726 3092 810 3161 longa
836 3093 1019 3147 desuetudine
1038 3092 1162 3147 bellandi
1186 3092 1264 3146 miles
1282 3092 1337 3146 Ro-

204 3198 303 3235 manus
323 3182 358 3235 ad
376 3183 516 3252 ignaviam
534 3182 690 3236 redactum.
1137 3185 1139 3190 '

312 3273 403 3326 Princ.
432 3272 495 3325 hist.
523 3289 550 3340 p.
579 3275 651 3327 206:
689 3271 916 3339 „Corruptissimi
946 3286 1014 3324 vero
1052 3270 1172 3323 omniunt
1208 3268 1337 3339 Syriatici

206 3361 315 3429 milites,
336 3360 471 3428 seditiosi,
491 3365 678 3427 contumaces,
698 3359 773 3428 apud
792 3360 873 3428 signa
890 3358 1089 3427 infrequentes,
1108 3357 1254 3425 praesidiis
1273 3357 1337 3425 vagi

206 3493 212 3505 .
235 3493 241 3504 .
261 3493 267 3505 .
288 3492 293 3504 .
314 3466 345 3503 ao
369 3450 495 3518 palantes
515 3449 550 3503 de
567 3449 683 3503 meridie
703 3491 709 3506 .
730 3491 735 3502 .
758 3491 764 3502 .
785 3491 790 3503 .
810 3448 969 3514 temulenti,
995 3463 1029 3500 ne
1044 3452 1149 3500 armatu
1164 3445 1276 3515 quidem
1295 3461 1338 3498 sn-

208 3539 337 3593 stinendo
362 3538 479 3608 adsueti,
515 3538 565 3592 sed
589 3538 753 3606 inpatientia
770 3537 874 3591 laboris
900 3537 981 3590 arnus
1001 3535 1159 3604 singillatim
1178 3534 1338 3587 omittendis

206 3627 235 3680 in
259 3626 373 3680 velitum
398 3632 481 3695 atque
505 3625 678 3680 funditorum
696 3626 808 3679 modurn
828 3625 972 3680 seminudi.
1010 3626 1125 3678 Praeter
1143 3621 1336 3677 huiuscemodi

209 3716 350 3771 dedecora
368 3716 445 3768 malis
464 3715 577 3783 proeliis
597 3716 636 3768 ita
655 3715 777 3783 perculsi
795 3715 916 3783 fuerunt,
935 3719 966 3768 ut
985 3714 1020 3766 ad
1038 3713 1155 3781 primum
1173 3711 1337 3766 Parthorum

208 3808 389 3874 conspectum
402 3810 481 3872 terga
491 3809 640 3871 verterent,
659 3804 742 3857 tubas
753 3803 833 3872 quasi
845 3802 929 3871 fugae
943 3803 1051 3870 signnm
1062 3801 1186 3855 canentis
1199 3801 1336 3857 audirent.

209 3927 242 3936 -
254 3898 382 3951 Ceterum
394 3895 471 3964 legas
485 3895 566 3949 etiam
579 3894 748 3949 Tillsmontii
760 3892 1062 3948 deL.Vcr0iudioiu1n
1075 3892 1183 3960 (rolli,
1197 3908 1223 3959 p.
1233 3893 1285 3947 343
1297 3908 1333 3960 s.;

205 3999 232 4051 p.
251 3983 304 4038 348
322 3983 356 4050 s.)

308 4070 336 4139 1)
355 4069 391 4122 ad
408 4069 512 4122 amicos
530 4070 543 4122 Ι
562 4072 578 4124 6
598 4069 635 4138 (p.
656 4069 707 4124 178
725 4068 839 4137 Nabar).

311 4158 522 4228 Dffinst

203 4309 205 4311 ,
311 4249 339 4316 3)
359 4247 447 4315 Capit.
467 4247 515 4301 vit.
534 4245 662 4302 Marcie.
681 4248 706 4315 8,
725 4250 750 4302 6.

301 4338 338 4404 ’4)
358 4336 472 4390 Henaen
491 4337 561 4390 5484
582 4363 612 4383 =
632 4337 823 4406 Waddington
843 4340 912 4393 2562
931 4337 949 4390 d
969 4361 1001 4384 =
1021 4337 1052 4390 C.
1071 4336 1097 4389 J.
1111 4339 1142 4390 L.
1162 4335 1202 4390 ΙΙΙ
1222 4338 1281 4393 129.
1297 4366 1330 4376 -

204 4423 298 4479 Verba
316 4423 387 4477 tituli
406 4423 492 4477 habes
510 4423 537 4476 in
557 4425 611 4478 fine
629 4423 711 4478 huius
728 4425 816 4479 libelli
835 4425 901 4492 (Tit.
921 4441 947 4478 n.
967 4426 1021 4494 26).
