3308 5190
788 553 822 608 77

175 761 180 768 ·
217 726 426 790 Divioneusis
449 733 479 790 ct
510 726 651 792 Cirtensis
679 726 782 791 titulus
812 731 886 792 bene
914 726 1018 790 referri
1048 735 1171 806 possunt
1195 731 1233 790 ad
1257 732 1369 813 patrem

218 841 390 904 Caesernii
424 846 503 905 illius
527 847 609 905 euius
632 842 741 907 mentio
764 846 796 906 fit
818 848 849 928 In
871 848 992 923 reliquis
1022 847 1123 922 titulis,
1155 847 1197 904 ita
1230 849 1268 935 ut·
1293 844 1371 902 hune

207 959 313 1050 'bello
350 961 488 1021 Parthico
522 937 688 1022 iuter·fuisse
722 963 882 1038 suspieerIs
916 964 997 1021 siue
1023 963 1218 1032 „comitem
1253 960 1365 1034 Imp.“

219 1074 317 1136 sive
342 1077 533 1147 „comitem
557 1075 633 1137 diui
657 1077 783 1157 Veri“;
813 1097 882 1137 nam
905 1082 999 1138 utrum
1030 1077 1086 1136 hoe
1106 1095 1143 1135 an
1172 1071 1245 1134 illud
1274 1074 1367 1154 legas,

219 1208 291 1249 non
320 1186 362 1252 ita
385 1192 506 1252 multam
527 1191 564 1252 ud
586 1211 647 1253 rem
670 1194 760 1254 valet.
792 1225 834 1236 —
865 1190 1049 1268 Quamquam
1073 1210 1142 1250 num
1164 1208 1269 1252 revera
1291 1188 1367 1248 filius
1446 1201 1449 1210 '

220 1306 267 1364 sit
294 1306 460 1366 consularis
484 1307 572 1388 illius,
596 1312 680 1369 eutru
703 1326 817 1368 omnem
831 1304 1041 1368 dubitationem
1065 1325 1201 1368 essenon
1214 1304 1367 1366 contende.

674 1599 845 1688 Appenuix
870 1601 919 1671 rr.

239 1815 243 1820 Ι
361 1735 406 1790 Dc
424 1737 522 1792 numis
542 1737 667 1793 Graecis
685 1739 717 1793 et
736 1739 855 1793 Latinis
874 1739 912 1793 nsi
931 1738 1045 1794 bellum
1070 1739 1249 1794 Parthicum

686 1836 910 1903 spectantibus.
998 1842 1001 1846 ’

344 1961 362 2038 ξ
396 1967 424 2020 1.
472 1962 518 2020 Ex
549 1963 640 2022 tiiuiis
671 1963 722 2022 vix
751 1959 909 2039 quiequam
939 1963 1072 2048 proferes
1100 1966 1179 2041 quud
1207 1967 1245 2026 ad
1273 1966 1367 2044 ipsum

222 2071 390 2136 historiam
417 2076 488 2138 belli
518 2081 641 2161 spectet,
666 2077 778 2138 seilicet
809 2079 942 2162 exeeptis
971 2080 1007 2138 iis
1035 2098 1109 2155 quos
1132 2079 1209 2140 infra
1237 2081 1272 2142 de
1296 2083 1367 2142 viris

224 2186 262 2250 in
302 2191 381 2251 bello
404 2185 586 2252 ’illustribus
621 2188 782 2268 composui.
859 2193 1044 2271 Quamquam
1080 2193 1251 2254 observatos
1280 2195 1367 2256 velim

226 2307 288 2365 hos
304 2311 363 2367 tres
386 2307 486 2368 tiiulos
509 2309 539 2366 in
562 2309 627 2368 vieo
652 2309 941 2384 quedamNumidiae
965 2312 1097 2392 repertos
1122 2304 1168 2367 eui
1193 2327 1297 2370 nomen
1321 2315 1367 2372 est

226 2411 351 2503 Quicum
380 2399 417 2482 ex
439 2419 557 2483 Renieri
582 2424 694 2495 „Inser
720 2424 755 2483 de
777 2421 886 2501 I'Alg.“
912 2423 1072 2508 descripsi:

337 2533 445 2598 RenIer
469 2538 553 2598 2526
575 2561 615 2589 z:
633 2539 753 2600 Hermen
780 2540 882 2599 5470:

437 2647 641 2712 Victoriae
664 2649 875 2714 Parthicae
898 2650 1079 2716 Maximae
1108 2654 1227 2731 Augg.

335 2762 444 2828 Renier
467 2769 551 2828 2527
566 2791 608 2819 z
621 2767 742 2829 Hermen
766 2770 870 2830 5470:

439 2873 641 2944 Victoriae
665 2881 916 2946 Armeniacae
939 2885 1215 2964 Augustorum.

224 2971 230 2980 ¹
333 2993 443 3058 Renier
467 2999 567 3058 2528:

436 3108 631 3174 Victoriae
664 3114 754 3197 Imp.
785 3112 889 3174 Osee.
918 3115 958 3172 M.
991 3109 1146 3173 Aurelii
1183 3107 1365 3173 Antonini

392 3226 483 3306 Aug.
507 3215 724 3288 Armeniaci
747 3234 782 3289 et
804 3229 891 3312 Imp.
908 3228 1012 3289 Caes.
1037 3227 1071 3292 L.
1095 3227 1252 3288 Aurelii
1274 3224 1363 3288 Veri

390 3340 482 3419 Aug.
508 3338 726 3404 Armeniaci
747 3339 927 3404 Parthici
950 3338 1114 3404 Maximi.

230 3456 410 3518 Praeterea:

332 3570 363 3631 0.
388 3572 411 3631 Ι.
436 3571 470 3632 L.
495 3573 645 3633 1113432
670 3560 784 3650 (Budas
807 3570 838 3633 in
860 3576 953 3634 Panu.
977 3568 1093 3654 infer.):

331 3685 355 3746 I.
381 3684 415 3746 0.
440 3687 479 3746 Μ.
511 3705 579 3764 pre
614 3689 746 3750 salute
778 3693 814 3750 ct
841 3685 974 3750 reditu
1005 3692 1041 3747 ct
1077 3680 1250 3746 victoria
1272 3685 1360 3768 Imp.

230 3799 389 3860 ducrum
413 3801 503 3880 Aug.
534 3803 570 3862 Τ.
602 3803 680 3864 Ael.
709 3803 844 3865 Celsus
876 3822 955 3864 eum
989 3802 1152 3876 Perunia
1181 3803 1361 3884 respecta

228 3912 387 3994 coniuge
417 3922 450 3978 et
484 3917 544 4008 Ac.
577 3915 727 3980 Celsino
756 3915 849 3980 filio
880 3919 963 3978 Kal.
998 3917 1093 3996 Aug.
1123 3911 1250 3977 dedici
1281 3909 1360 4000 [sim]

229 4027 392 4092 Macrino
422 4038 455 4094 et
477 4033 583 4095 Celso
604 4053 666 4096 cos
689 4035 725 4096 V.
749 4035 784 4096 L.
808 4037 848 4095 M.
873 4029 954 4120 [sicr]
971 4031 994 4115 ¹)

336 4230 363 4298 1)
383 4234 476 4284 annot.
505 4230 541 4284 ad
565 4231 675 4286 titulum
698 4232 716 4286 l.
742 4247 780 4286 c:
813 4231 944 4300 „respicit
971 4232 1020 4288 ad.
1033 4231 1136 4287 bellum
1163 4228 1358 4284 Armeniacum

228 4317 314 4370 Murci
332 4322 361 4372 et
379 4317 456 4389 Veri,
476 4333 641 4388 quamquam
665 4318 771 4374 reditus
795 4320 916 4388 pertinet
939 4319 975 4374 ad
993 4321 1098 4376 Verum
1117 4321 1206 4374 solum
1225 4332 1316 4387 neque
1334 4316 1359 4370 is

228 4405 311 4459 rediit
328 4405 382 4459 nisi
400 4420 424 4460 a.
444 4406 554 4462 demum
574 4408 650 4463 166“.
671 4439 705 4452 -
723 4407 861 4462 Macrinus
884 4413 977 4464 autem
1003 4414 1032 4465 ct
1050 4411 1149 4466 Celsus
1168 4406 1298 4465 consules
1317 4405 1358 4461 fu-

229 4497 310 4551 erunt
327 4509 352 4548 a.
365 4511 392 4564 p.
406 4493 469 4550 Chr.
483 4495 542 4551 164.
