<?xml version="1.0" encoding="UTF-8"?>
<!DOCTYPE html PUBLIC "-//W3C//DTD XHTML 1.0 Transitional//EN"
    "http://www.w3.org/TR/xhtml1/DTD/xhtml1-transitional.dtd">
<html xmlns="http://www.w3.org/1999/xhtml" xml:lang="en" lang="en">
 <head>
  <title>
</title>
<meta http-equiv="Content-Type" content="text/html;charset=utf-8" />
  <meta name='ocr-system' content='tesseract 3.04.00' />
  <meta name='ocr-capabilities' content='ocr_page ocr_carea ocr_par ocr_line ocrx_word'/>
</head>
<body>
  <div class='ocr_page' id='page_1' title='image "./derebvsimperato00nappgoog_0125.png"; bbox 0 0 3308 5190; ppageno 0'>
   <div class='ocr_carea' id='block_1_1' title="bbox 815 579 866 643">
    <p class='ocr_par' dir='ltr' id='par_1_1' title="bbox 815 579 866 643">
     <span class='ocr_line' id='line_1_1' title="bbox 815 579 866 643; baseline -0.02 0"><span class='ocrx_word' id='word_1_1' title='bbox 815 579 866 643; x_wconf 83' lang='lat' dir='ltr'><strong>ue</strong></span> 
     </span>
    </p>
   </div>
   <div class='ocr_carea' id='block_1_2' title="bbox 251 755 1407 1073">
    <p class='ocr_par' dir='ltr' id='par_1_2' title="bbox 251 755 1407 1073">
     <span class='ocr_line' id='line_1_2' title="bbox 251 755 1403 849; baseline 0 -23"><span class='ocrx_word' id='word_1_2' title='bbox 251 755 404 827; x_wconf 53' lang='lat' dir='ltr'><strong>&#39;Moesiae</strong></span> <span class='ocrx_word' id='word_1_3' title='bbox 433 783 531 843; x_wconf 87' lang='lat' dir='ltr'><strong>super.</strong></span> <span class='ocrx_word' id='word_1_4' title='bbox 567 762 665 827; x_wconf 91' lang='lat' dir='ltr'><strong>comiti</strong></span> <span class='ocrx_word' id='word_1_5' title='bbox 696 762 756 826; x_wconf 89' lang='lat' dir='ltr'><strong>divi</strong></span> <span class='ocrx_word' id='word_1_6' title='bbox 785 765 855 826; x_wconf 83' lang='lat' dir='ltr'>Veri</span> <span class='ocrx_word' id='word_1_7' title='bbox 869 765 970 849; x_wconf 74' lang='lat' dir='ltr'><strong>pAug.</strong></span> <span class='ocrx_word' id='word_1_8' title='bbox 999 765 1106 827; x_wconf 90' lang='lat' dir='ltr'><strong>donato</strong></span> <span class='ocrx_word' id='word_1_9' title='bbox 1136 765 1221 826; x_wconf 89' lang='lat' dir='ltr'><strong>donis</strong></span> <span class='ocrx_word' id='word_1_10' title='bbox 1255 755 1403 826; x_wconf 88' lang='lat' dir='ltr'><strong>militarib.</strong></span> 
     </span>
     <span class='ocr_line' id='line_1_3' title="bbox 276 877 1407 957; baseline 0.001 -18"><span class='ocrx_word' id='word_1_11' title='bbox 276 879 353 941; x_wconf 89' lang='lat' dir='ltr'><strong>bello</strong></span> <span class='ocrx_word' id='word_1_12' title='bbox 376 880 420 940; x_wconf 92' lang='lat' dir='ltr'><strong>Ar</strong></span> <span class='ocrx_word' id='word_1_13' title='bbox 431 884 442 950; x_wconf 82' lang='grc' dir='ltr'><strong>Ι)</strong></span> <span class='ocrx_word' id='word_1_14' title='bbox 455 883 587 941; x_wconf 90' lang='lat' dir='ltr'><strong>meniacc</strong></span> <span class='ocrx_word' id='word_1_15' title='bbox 607 883 636 942; x_wconf 91' lang='lat' dir='ltr'><strong>et</strong></span> <span class='ocrx_word' id='word_1_16' title='bbox 652 881 789 941; x_wconf 83' lang='lat' dir='ltr'><strong>Parthico</strong></span> <span class='ocrx_word' id='word_1_17' title='bbox 811 880 848 940; x_wconf 88' lang='lat' dir='ltr'><strong>ab</strong></span> <span class='ocrx_word' id='word_1_18' title='bbox 872 882 1047 957; x_wconf 78' lang='lat' dir='ltr'><strong>imperatore</strong></span> <span class='ocrx_word' id='word_1_19' title='bbox 1070 880 1116 940; x_wconf 91' lang='lat' dir='ltr'><strong>An</strong></span> <span class='ocrx_word' id='word_1_20' title='bbox 1129 877 1140 942; x_wconf 93' lang='grc' dir='ltr'><strong>ΙΙ</strong></span> <span class='ocrx_word' id='word_1_21' title='bbox 1153 881 1254 941; x_wconf 91' lang='lat' dir='ltr'><strong>tonino</strong></span> <span class='ocrx_word' id='word_1_22' title='bbox 1275 878 1353 956; x_wconf 86' lang='lat' dir='ltr'><strong>Aug.</strong></span> <span class='ocrx_word' id='word_1_23' title='bbox 1378 883 1407 940; x_wconf 89' lang='lat' dir='ltr'><strong>et</strong></span> 
     </span>
     <span class='ocr_line' id='line_1_4' title="bbox 275 982 1405 1073; baseline -0.004 -18"><span class='ocrx_word' id='word_1_24' title='bbox 275 1013 294 1055; x_wconf 88' lang='lat' dir='ltr'><strong>a</strong></span> <span class='ocrx_word' id='word_1_25' title='bbox 316 995 384 1056; x_wconf 85' lang='lat' dir='ltr'><strong>divo</strong></span> <span class='ocrx_word' id='word_1_26' title='bbox 405 995 482 1056; x_wconf 89' lang='lat' dir='ltr'><strong>Vero</strong></span> <span class='ocrx_word' id='word_1_27' title='bbox 506 995 583 1073; x_wconf 89' lang='lat' dir='ltr'><strong>Aug.</strong></span> <span class='ocrx_word' id='word_1_28' title='bbox 608 1014 715 1056; x_wconf 87' lang='lat' dir='ltr'><strong>corona</strong></span> <span class='ocrx_word' id='word_1_29' title='bbox 727 994 739 1060; x_wconf 93' lang='grc' dir='ltr'><strong>ΙΙ</strong></span> <span class='ocrx_word' id='word_1_30' title='bbox 752 995 856 1054; x_wconf 89' lang='lat' dir='ltr'><strong>murali</strong></span> <span class='ocrx_word' id='word_1_31' title='bbox 879 991 948 1056; x_wconf 88' lang='lat' dir='ltr'><strong>item</strong></span> <span class='ocrx_word' id='word_1_32' title='bbox 969 996 1075 1056; x_wconf 89' lang='lat' dir='ltr'><strong>vallari</strong></span> <span class='ocrx_word' id='word_1_33' title='bbox 1086 997 1157 1056; x_wconf 89' lang='lat' dir='ltr'><strong>item</strong></span> <span class='ocrx_word' id='word_1_34' title='bbox 1178 996 1304 1056; x_wconf 87' lang='lat' dir='ltr'><strong>classica</strong></span> <span class='ocrx_word' id='word_1_35' title='bbox 1319 982 1405 1055; x_wconf 81' lang='lat' dir='ltr'><strong>itcmii</strong></span> 
     </span>
    </p>
   </div>
   <div class='ocr_carea' id='block_1_3' title="bbox 272 1105 1409 2456">
    <p class='ocr_par' dir='ltr' id='par_1_3' title="bbox 272 1105 1409 2456">
     <span class='ocr_line' id='line_1_5' title="bbox 276 1105 1406 1187; baseline -0.003 -17"><span class='ocrx_word' id='word_1_36' title='bbox 276 1128 365 1170; x_wconf 85' lang='lat' dir='ltr'><strong>aurea</strong></span> <span class='ocrx_word' id='word_1_37' title='bbox 388 1106 456 1170; x_wconf 92' lang='lat' dir='ltr'><strong>item</strong></span> <span class='ocrx_word' id='word_1_38' title='bbox 479 1105 576 1170; x_wconf 88' lang='lat' dir='ltr'><strong>hastis</strong></span> <span class='ocrx_word' id='word_1_39' title='bbox 599 1111 681 1187; x_wconf 90' lang='lat' dir='ltr'><strong>puris</strong></span> <span class='ocrx_word' id='word_1_40' title='bbox 704 1109 762 1169; x_wconf 92' lang='lat' dir='ltr'><strong>llll</strong></span> <span class='ocrx_word' id='word_1_41' title='bbox 785 1105 854 1170; x_wconf 91' lang='lat' dir='ltr'><strong>item</strong></span> <span class='ocrx_word' id='word_1_42' title='bbox 869 1105 1017 1185; x_wconf 84' lang='lat' dir='ltr'><strong>vixillis1)</strong></span> <span class='ocrx_word' id='word_1_43' title='bbox 1035 1111 1047 1177; x_wconf 86' lang='lat' dir='ltr'><strong>ll</strong></span> <span class='ocrx_word' id='word_1_44' title='bbox 1065 1109 1123 1169; x_wconf 94' lang='lat' dir='ltr'>IIII</span> <span class='ocrx_word' id='word_1_45' title='bbox 1143 1105 1271 1170; x_wconf 80' lang='lat' dir='ltr'><strong>curatori</strong></span> <span class='ocrx_word' id='word_1_46' title='bbox 1287 1127 1406 1186; x_wconf 92' lang='lat' dir='ltr'><strong>operum</strong></span> 
     </span>
     <span class='ocr_line' id='line_1_6' title="bbox 276 1218 1407 1304; baseline -0.002 -20"><span class='ocrx_word' id='word_1_47' title='bbox 276 1225 438 1300; x_wconf 86' lang='lat' dir='ltr'><strong>locorumq.</strong></span> <span class='ocrx_word' id='word_1_48' title='bbox 462 1223 605 1301; x_wconf 86' lang='lat' dir='ltr'><strong>publicar.</strong></span> <span class='ocrx_word' id='word_1_49' title='bbox 620 1226 632 1291; x_wconf 91' lang='grc' dir='ltr'><strong>ΙΙ</strong></span> <span class='ocrx_word' id='word_1_50' title='bbox 644 1219 733 1286; x_wconf 89' lang='lat' dir='ltr'><strong>misso</strong></span> <span class='ocrx_word' id='word_1_51' title='bbox 746 1224 784 1284; x_wconf 91' lang='lat' dir='ltr'><strong>ad</strong></span> <span class='ocrx_word' id='word_1_52' title='bbox 794 1220 973 1286; x_wconf 85' lang='lat' dir='ltr'><strong>iuventutem</strong></span> <span class='ocrx_word' id='word_1_53' title='bbox 990 1243 1043 1300; x_wconf 94' lang='lat' dir='ltr'><strong>per</strong></span> <span class='ocrx_word' id='word_1_54' title='bbox 1058 1220 1176 1285; x_wconf 90' lang='lat' dir='ltr'><strong>Italiam</strong></span> <span class='ocrx_word' id='word_1_55' title='bbox 1187 1226 1271 1301; x_wconf 84' lang='lat' dir='ltr'><strong>legen</strong></span> <span class='ocrx_word' id='word_1_56' title='bbox 1284 1238 1296 1303; x_wconf 76' lang='lat' dir='ltr'><strong>p</strong></span> <span class='ocrx_word' id='word_1_57' title='bbox 1308 1223 1375 1283; x_wconf 91' lang='lat' dir='ltr'><strong>dum</strong></span> <span class='ocrx_word' id='word_1_58' title='bbox 1383 1218 1407 1304; x_wconf 82' lang='lat'><strong>²)</strong></span> 
     </span>
     <span class='ocr_line' id='line_1_7' title="bbox 275 1333 1407 1419; baseline -0.003 -19"><span class='ocrx_word' id='word_1_59' title='bbox 275 1341 332 1417; x_wconf 85' lang='lat' dir='ltr'><strong>leg.</strong></span> <span class='ocrx_word' id='word_1_60' title='bbox 354 1340 452 1419; x_wconf 84' lang='lat' dir='ltr'><strong>Augg.</strong></span> <span class='ocrx_word' id='word_1_61' title='bbox 477 1359 524 1417; x_wconf 91' lang='lat' dir='ltr'><strong>pr.</strong></span> <span class='ocrx_word' id='word_1_62' title='bbox 548 1359 593 1417; x_wconf 84' lang='lat' dir='ltr'><strong>pr.</strong></span> <span class='ocrx_word' id='word_1_63' title='bbox 619 1335 765 1400; x_wconf 84' lang='lat' dir='ltr'><strong>exercitus</strong></span> <span class='ocrx_word' id='word_1_64' title='bbox 791 1334 946 1418; x_wconf 82' lang='lat' dir='ltr'><strong>legionarii</strong></span> <span class='ocrx_word' id='word_1_65' title='bbox 958 1338 969 1403; x_wconf 89' lang='lat' dir='ltr'><strong>ll</strong></span> <span class='ocrx_word' id='word_1_66' title='bbox 982 1343 1012 1400; x_wconf 98' lang='lat' dir='ltr'><strong>et</strong></span> <span class='ocrx_word' id='word_1_67' title='bbox 1034 1335 1170 1404; x_wconf 81' lang='lat' dir='ltr'><strong>auxilior.</strong></span> <span class='ocrx_word' id='word_1_68' title='bbox 1198 1358 1250 1416; x_wconf 92' lang='lat' dir='ltr'><strong>per</strong></span> <span class='ocrx_word' id='word_1_69' title='bbox 1266 1333 1407 1399; x_wconf 78' lang='lat' dir='ltr'><strong>orientem</strong></span> 
     </span>
     <span class='ocr_line' id='line_1_8' title="bbox 274 1447 1405 1531; baseline 0.002 -16"><span class='ocrx_word' id='word_1_70' title='bbox 274 1458 303 1515; x_wconf 93' lang='lat' dir='ltr'><strong>in</strong></span> <span class='ocrx_word' id='word_1_71' title='bbox 333 1457 498 1517; x_wconf 78' lang='lat' dir='ltr'><strong>Armeniam</strong></span> <span class='ocrx_word' id='word_1_72' title='bbox 518 1463 529 1526; x_wconf 83' lang='grc' dir='ltr'><strong>ΙΙ</strong></span> <span class='ocrx_word' id='word_1_73' title='bbox 549 1459 578 1515; x_wconf 89' lang='lat' dir='ltr'><strong>et</strong></span> <span class='ocrx_word' id='word_1_74' title='bbox 602 1453 783 1515; x_wconf 87' lang='lat' dir='ltr'><strong>Osrhoenam</strong></span> <span class='ocrx_word' id='word_1_75' title='bbox 814 1459 843 1514; x_wconf 90' lang='lat' dir='ltr'><strong>et</strong></span> <span class='ocrx_word' id='word_1_76' title='bbox 870 1451 1093 1515; x_wconf 88' lang='lat' dir='ltr'><strong>Anthemusiam</strong></span> <span class='ocrx_word' id='word_1_77' title='bbox 1127 1456 1213 1515; x_wconf 91' lang='lat' dir='ltr'><strong>ducto</strong></span> <span class='ocrx_word' id='word_1_78' title='bbox 1232 1447 1244 1512; x_wconf 91' lang='grc' dir='ltr'><strong>ΙΙ</strong></span> <span class='ocrx_word' id='word_1_79' title='bbox 1261 1474 1325 1516; x_wconf 89' lang='lat' dir='ltr'><strong>rum</strong></span> <span class='ocrx_word' id='word_1_80' title='bbox 1347 1455 1405 1531; x_wconf 83' lang='lat' dir='ltr'><strong>leg.</strong></span> 
     </span>
     <span class='ocr_line' id='line_1_9' title="bbox 275 1564 1405 1649; baseline -0.003 -18"><span class='ocrx_word' id='word_1_81' title='bbox 275 1573 372 1649; x_wconf 85' lang='lat' dir='ltr'><strong>Augg.</strong></span> <span class='ocrx_word' id='word_1_82' title='bbox 406 1567 517 1647; x_wconf 87' lang='lat' dir='ltr'><strong>legioni</strong></span> <span class='ocrx_word' id='word_1_83' title='bbox 550 1566 662 1647; x_wconf 84' lang='lat' dir='ltr'><strong>primae</strong></span> <span class='ocrx_word' id='word_1_84' title='bbox 686 1565 812 1629; x_wconf 90' lang='lat' dir='ltr'><strong>Minervi</strong></span> <span class='ocrx_word' id='word_1_85' title='bbox 831 1582 842 1646; x_wconf 81' lang='grc' dir='ltr'><strong>ΙΙ</strong></span> <span class='ocrx_word' id='word_1_86' title='bbox 861 1589 896 1630; x_wconf 89' lang='lat' dir='ltr'><strong>ae</strong></span> <span class='ocrx_word' id='word_1_87' title='bbox 930 1566 959 1630; x_wconf 91' lang='lat' dir='ltr'><strong>iu</strong></span> <span class='ocrx_word' id='word_1_88' title='bbox 984 1567 1215 1647; x_wconf 83' lang='lat' dir='ltr'><strong>exepeditionem</strong></span> <span class='ocrx_word' id='word_1_89' title='bbox 1237 1564 1405 1628; x_wconf 87' lang='lat' dir='ltr'><strong>Parthicam</strong></span> 
     </span>
     <span class='ocr_line' id='line_1_10' title="bbox 277 1679 1408 1763; baseline -0.004 -18"><span class='ocrx_word' id='word_1_90' title='bbox 277 1686 408 1747; x_wconf 92' lang='lat' dir='ltr'><strong>deducen</strong></span> <span class='ocrx_word' id='word_1_91' title='bbox 422 1680 433 1746; x_wconf 98' lang='grc' dir='ltr'><strong>ΙΙ</strong></span> <span class='ocrx_word' id='word_1_92' title='bbox 447 1686 503 1746; x_wconf 91' lang='lat' dir='ltr'><strong>dae</strong></span> <span class='ocrx_word' id='word_1_93' title='bbox 525 1686 583 1763; x_wconf 83' lang='lat' dir='ltr'><strong>leg.</strong></span> <span class='ocrx_word' id='word_1_94' title='bbox 608 1681 670 1744; x_wconf 91' lang='lat' dir='ltr'><strong>divi</strong></span> <span class='ocrx_word' id='word_1_95' title='bbox 686 1685 826 1745; x_wconf 83' lang='lat' dir='ltr'><strong>Antonini</strong></span> <span class='ocrx_word' id='word_1_96' title='bbox 842 1685 919 1762; x_wconf 84' lang='lat' dir='ltr'><strong>Aug.</strong></span> <span class='ocrx_word' id='word_1_97' title='bbox 942 1685 999 1763; x_wconf 87' lang='lat' dir='ltr'><strong>leg.</strong></span> <span class='ocrx_word' id='word_1_98' title='bbox 1012 1685 1054 1744; x_wconf 89' lang='lat' dir='ltr'><strong>XI</strong></span> <span class='ocrx_word' id='word_1_99' title='bbox 1065 1683 1108 1746; x_wconf 85' lang='lat' dir='ltr'><strong>ot.</strong></span> <span class='ocrx_word' id='word_1_100' title='bbox 1133 1703 1205 1760; x_wconf 92' lang='lat' dir='ltr'><strong>prae</strong></span> <span class='ocrx_word' id='word_1_101' title='bbox 1217 1683 1229 1748; x_wconf 88' lang='lat' dir='ltr'><strong>ll</strong></span> <span class='ocrx_word' id='word_1_102' title='bbox 1241 1679 1300 1744; x_wconf 89' lang='lat' dir='ltr'><strong>tori</strong></span> <span class='ocrx_word' id='word_1_103' title='bbox 1320 1682 1408 1742; x_wconf 90' lang='lat' dir='ltr'><strong>aedili</strong></span> 
     </span>
     <span class='ocr_line' id='line_1_11' title="bbox 277 1789 1407 1876; baseline -0.004 -15"><span class='ocrx_word' id='word_1_104' title='bbox 277 1797 374 1862; x_wconf 88' lang='lat' dir='ltr'><strong>curuli</strong></span> <span class='ocrx_word' id='word_1_105' title='bbox 396 1801 434 1861; x_wconf 88' lang='lat' dir='ltr'><strong>ab</strong></span> <span class='ocrx_word' id='word_1_106' title='bbox 459 1796 534 1860; x_wconf 90' lang='lat' dir='ltr'><strong>actis</strong></span> <span class='ocrx_word' id='word_1_107' title='bbox 550 1805 668 1860; x_wconf 90' lang='lat' dir='ltr'><strong>senatus</strong></span> <span class='ocrx_word' id='word_1_108' title='bbox 680 1817 771 1876; x_wconf 89' lang='lat' dir='ltr'><strong>quaes</strong></span> <span class='ocrx_word' id='word_1_109' title='bbox 792 1789 802 1858; x_wconf 88' lang='lat' dir='ltr'><strong>t</strong></span> <span class='ocrx_word' id='word_1_110' title='bbox 823 1803 880 1860; x_wconf 90' lang='lat' dir='ltr'><strong>tori</strong></span> <span class='ocrx_word' id='word_1_111' title='bbox 896 1802 1007 1861; x_wconf 89' lang='lat' dir='ltr'><strong>urbano</strong></span> <span class='ocrx_word' id='word_1_112' title='bbox 1028 1797 1120 1860; x_wconf 88' lang='lat' dir='ltr'><strong>Xvirc</strong></span> <span class='ocrx_word' id='word_1_113' title='bbox 1136 1796 1266 1860; x_wconf 88' lang='lat' dir='ltr'><strong>stlitibus</strong></span> <span class='ocrx_word' id='word_1_114' title='bbox 1289 1795 1407 1859; x_wconf 88' lang='lat' dir='ltr'><strong>iudican</strong></span> 
     </span>
     <span class='ocr_line' id='line_1_12' title="bbox 277 1909 1409 1993; baseline -0.003 -16"><span class='ocrx_word' id='word_1_115' title='bbox 277 1918 333 1981; x_wconf 84' lang='lat' dir='ltr'><strong>dis.</strong></span> <span class='ocrx_word' id='word_1_116' title='bbox 359 1909 368 1978; x_wconf 80' lang='lat' dir='ltr'><strong>il</strong></span> <span class='ocrx_word' id='word_1_117' title='bbox 390 1911 468 1976; x_wconf 91' lang='lat' dir='ltr'><strong>Huic</strong></span> <span class='ocrx_word' id='word_1_118' title='bbox 491 1920 610 1977; x_wconf 87' lang='lat' dir='ltr'><strong>senatus</strong></span> <span class='ocrx_word' id='word_1_119' title='bbox 633 1921 780 1976; x_wconf 80' lang='lat' dir='ltr'><strong>auctorem</strong></span> <span class='ocrx_word' id='word_1_120' title='bbox 805 1913 1010 1993; x_wconf 90' lang='lat' dir='ltr'><strong>imperatorem</strong></span> <span class='ocrx_word' id='word_1_121' title='bbox 1018 1917 1041 1992; x_wconf 79' lang='lat'><strong>³)</strong></span> <span class='ocrx_word' id='word_1_122' title='bbox 1064 1917 1111 1975; x_wconf 91' lang='lat' dir='ltr'><strong>Au</strong></span> <span class='ocrx_word' id='word_1_123' title='bbox 1133 1913 1142 1982; x_wconf 80' lang='lat' dir='ltr'><strong>ll</strong></span> <span class='ocrx_word' id='word_1_124' title='bbox 1163 1916 1236 1975; x_wconf 93' lang='lat' dir='ltr'><strong>relic</strong></span> <span class='ocrx_word' id='word_1_125' title='bbox 1259 1915 1409 1975; x_wconf 85' lang='lat' dir='ltr'><strong>Antonino</strong></span> 
     </span>
     <span class='ocr_line' id='line_1_13' title="bbox 275 2019 1408 2109; baseline -0.003 -19"><span class='ocrx_word' id='word_1_126' title='bbox 275 2031 353 2109; x_wconf 85' lang='lat' dir='ltr'><strong>Aug.</strong></span> <span class='ocrx_word' id='word_1_127' title='bbox 389 2027 566 2092; x_wconf 88' lang='lat' dir='ltr'><strong>Armeniaco</strong></span> <span class='ocrx_word' id='word_1_128' title='bbox 595 2028 710 2092; x_wconf 89' lang='lat' dir='ltr'><strong>Medico</strong></span> <span class='ocrx_word' id='word_1_129' title='bbox 733 2019 742 2088; x_wconf 80' lang='lat' dir='ltr'><strong>ii</strong></span> <span class='ocrx_word' id='word_1_130' title='bbox 766 2034 903 2093; x_wconf 89' lang='lat' dir='ltr'><strong>Parthico</strong></span> <span class='ocrx_word' id='word_1_131' title='bbox 939 2027 1067 2093; x_wconf 83' lang='lat' dir='ltr'><strong>Maximo</strong></span> <span class='ocrx_word' id='word_1_132' title='bbox 1095 2031 1174 2107; x_wconf 92' lang='lat' dir='ltr'><strong>quod</strong></span> <span class='ocrx_word' id='word_1_133' title='bbox 1204 2032 1272 2106; x_wconf 92' lang='lat' dir='ltr'><strong>post</strong></span> <span class='ocrx_word' id='word_1_134' title='bbox 1294 2025 1408 2104; x_wconf 83' lang='lat' dir='ltr'><strong>aliquot</strong></span> 
     </span>
     <span class='ocr_line' id='line_1_14' title="bbox 274 2141 1407 2229; baseline -0.005 -23"><span class='ocrx_word' id='word_1_135' title='bbox 274 2164 307 2206; x_wconf 93' lang='lat' dir='ltr'><strong>se</strong></span> <span class='ocrx_word' id='word_1_136' title='bbox 322 2142 334 2229; x_wconf 74' lang='grc' dir='ltr'><strong>Ι)</strong></span> <span class='ocrx_word' id='word_1_137' title='bbox 347 2148 443 2208; x_wconf 89' lang='lat' dir='ltr'><strong>cunda</strong></span> <span class='ocrx_word' id='word_1_138' title='bbox 464 2149 578 2224; x_wconf 90' lang='lat' dir='ltr'><strong>proclia</strong></span> <span class='ocrx_word' id='word_1_139' title='bbox 600 2148 757 2208; x_wconf 86' lang='lat' dir='ltr'><strong>adversum</strong></span> <span class='ocrx_word' id='word_1_140' title='bbox 781 2141 962 2227; x_wconf 69' lang='lat' dir='ltr'><strong>Germanosl}</strong></span> <span class='ocrx_word' id='word_1_141' title='bbox 981 2151 1009 2208; x_wconf 90' lang='lat' dir='ltr'><strong>et</strong></span> <span class='ocrx_word' id='word_1_142' title='bbox 1020 2147 1148 2223; x_wconf 75' lang='lat' dir='ltr'><strong>lazyges</strong></span> <span class='ocrx_word' id='word_1_143' title='bbox 1172 2146 1209 2205; x_wconf 91' lang='lat' dir='ltr'><strong>ad</strong></span> <span class='ocrx_word' id='word_1_144' title='bbox 1227 2149 1407 2221; x_wconf 86' lang='lat' dir='ltr'><strong>postremum</strong></span> 
     </span>
     <span class='ocr_line' id='line_1_15' title="bbox 274 2251 1407 2342; baseline -0.005 -20"><span class='ocrx_word' id='word_1_145' title='bbox 274 2281 327 2339; x_wconf 91' lang='lat' dir='ltr'><strong>pro</strong></span> <span class='ocrx_word' id='word_1_146' title='bbox 351 2282 376 2322; x_wconf 85' lang='lat' dir='ltr'><strong>r.</strong></span> <span class='ocrx_word' id='word_1_147' title='bbox 385 2281 415 2339; x_wconf 86' lang='lat' dir='ltr'><strong>p.</strong></span> <span class='ocrx_word' id='word_1_148' title='bbox 441 2261 554 2322; x_wconf 88' lang='lat' dir='ltr'><strong>fortiter</strong></span> <span class='ocrx_word' id='word_1_149' title='bbox 577 2255 590 2342; x_wconf 59' lang='lat' dir='ltr'><strong>f}</strong></span> <span class='ocrx_word' id='word_1_150' title='bbox 610 2279 746 2338; x_wconf 88' lang='lat' dir='ltr'><strong>pugnans</strong></span> <span class='ocrx_word' id='word_1_151' title='bbox 777 2257 916 2322; x_wconf 80' lang='lat' dir='ltr'><strong>ceciderit</strong></span> <span class='ocrx_word' id='word_1_152' title='bbox 944 2264 1086 2321; x_wconf 86' lang='lat' dir='ltr'><strong>armatam</strong></span> <span class='ocrx_word' id='word_1_153' title='bbox 1110 2264 1235 2320; x_wconf 89' lang='lat' dir='ltr'><strong>statuam</strong></span> <span class='ocrx_word' id='word_1_154' title='bbox 1259 2259 1314 2334; x_wconf 78' lang='lat' dir='ltr'><strong>et4)</strong></span> <span class='ocrx_word' id='word_1_155' title='bbox 1337 2251 1348 2340; x_wconf 69' lang='lat' dir='ltr'><strong>l}</strong></span> <span class='ocrx_word' id='word_1_156' title='bbox 1377 2259 1407 2317; x_wconf 95' lang='lat' dir='ltr'><strong>in</strong></span> 
     </span>
     <span class='ocr_line' id='line_1_16' title="bbox 272 2371 980 2456; baseline -0.003 -20"><span class='ocrx_word' id='word_1_157' title='bbox 272 2376 336 2438; x_wconf 88' lang='lat' dir='ltr'><strong>foro</strong></span> <span class='ocrx_word' id='word_1_158' title='bbox 360 2373 422 2438; x_wconf 91' lang='lat' dir='ltr'><strong>divi</strong></span> <span class='ocrx_word' id='word_1_159' title='bbox 445 2371 569 2437; x_wconf 83' lang='lat' dir='ltr'><strong>Traiani</strong></span> <span class='ocrx_word' id='word_1_160' title='bbox 591 2372 718 2452; x_wconf 91' lang='lat' dir='ltr'><strong>pecunia</strong></span> <span class='ocrx_word' id='word_1_161' title='bbox 739 2376 859 2452; x_wconf 90' lang='lat' dir='ltr'><strong>publica</strong></span> <span class='ocrx_word' id='word_1_162' title='bbox 882 2373 980 2456; x_wconf 76' lang='lat' dir='ltr'><strong>cen.5)</strong></span> 
     </span>
    </p>
   </div>
   <div class='ocr_carea' id='block_1_4' title="bbox 228 2502 1409 4526">
    <p class='ocr_par' dir='ltr' id='par_1_4' title="bbox 379 2502 936 2560">
     <span class='ocr_line' id='line_1_17' title="bbox 379 2502 936 2560; baseline -0.005 -1"><span class='ocrx_word' id='word_1_163' title='bbox 379 2504 429 2560; x_wconf 88' lang='lat' dir='ltr'><strong>Ad</strong></span> <span class='ocrx_word' id='word_1_164' title='bbox 448 2505 558 2558; x_wconf 85' lang='lat' dir='ltr'><strong>titulum</strong></span> <span class='ocrx_word' id='word_1_165' title='bbox 576 2503 646 2558; x_wconf 88' lang='lat' dir='ltr'><strong>haec</strong></span> <span class='ocrx_word' id='word_1_166' title='bbox 665 2508 730 2556; x_wconf 89' lang='lat' dir='ltr'><strong>sunt</strong></span> <span class='ocrx_word' id='word_1_167' title='bbox 748 2502 936 2558; x_wconf 87' lang='lat' dir='ltr'><strong>observanda:</strong></span> 
     </span>
    </p>

    <p class='ocr_par' dir='ltr' id='par_1_5' title="bbox 272 2589 1408 2826">
     <span class='ocr_line' id='line_1_18' title="bbox 383 2589 1407 2659; baseline -0.003 -12"><span class='ocrx_word' id='word_1_168' title='bbox 383 2591 516 2648; x_wconf 82' lang='lat' dir='ltr'><strong>Servatus</strong></span> <span class='ocrx_word' id='word_1_169' title='bbox 536 2598 579 2646; x_wconf 88' lang='lat' dir='ltr'><strong>est</strong></span> <span class='ocrx_word' id='word_1_170' title='bbox 598 2607 614 2644; x_wconf 85' lang='lat' dir='ltr'><strong>a</strong></span> <span class='ocrx_word' id='word_1_171' title='bbox 632 2591 693 2644; x_wconf 89' lang='lat' dir='ltr'><strong>solo</strong></span> <span class='ocrx_word' id='word_1_172' title='bbox 717 2591 833 2659; x_wconf 89' lang='lat' dir='ltr'><strong>Ligurio</strong></span> <span class='ocrx_word' id='word_1_173' title='bbox 854 2593 914 2659; x_wconf 85' lang='lat' dir='ltr'><strong>(ms.</strong></span> <span class='ocrx_word' id='word_1_174' title='bbox 938 2591 1023 2644; x_wconf 89' lang='lat' dir='ltr'><strong>Taur.</strong></span> <span class='ocrx_word' id='word_1_175' title='bbox 1054 2589 1109 2644; x_wconf 94' lang='lat' dir='ltr'><strong>vol.</strong></span> <span class='ocrx_word' id='word_1_176' title='bbox 1128 2591 1182 2643; x_wconf 88' lang='lat' dir='ltr'><strong>XV</strong></span> <span class='ocrx_word' id='word_1_177' title='bbox 1201 2589 1219 2644; x_wconf 85' lang='lat' dir='ltr'><strong>f.</strong></span> <span class='ocrx_word' id='word_1_178' title='bbox 1241 2591 1317 2658; x_wconf 78' lang='lat'>117);</span> <span class='ocrx_word' id='word_1_179' title='bbox 1341 2589 1407 2644; x_wconf 92' lang='lat' dir='ltr'><strong>iude</strong></span> 
     </span>
     <span class='ocr_line' id='line_1_19' title="bbox 274 2677 1408 2750; baseline -0.004 -14"><span class='ocrx_word' id='word_1_180' title='bbox 274 2683 329 2736; x_wconf 88' lang='lat' dir='ltr'><strong>Mai</strong></span> <span class='ocrx_word' id='word_1_181' title='bbox 348 2681 509 2750; x_wconf 82' lang='lat' dir='ltr'><strong>(Frontonis</strong></span> <span class='ocrx_word' id='word_1_182' title='bbox 538 2685 565 2735; x_wconf 87' lang='lat' dir='ltr'><strong>et</strong></span> <span class='ocrx_word' id='word_1_183' title='bbox 592 2681 627 2734; x_wconf 86' lang='lat' dir='ltr'><strong>ll.</strong></span> <span class='ocrx_word' id='word_1_184' title='bbox 656 2677 767 2734; x_wconf 89' lang='lat' dir='ltr'><strong>Aurelii</strong></span> <span class='ocrx_word' id='word_1_185' title='bbox 786 2679 866 2747; x_wconf 88' lang='lat' dir='ltr'><strong>epist.</strong></span> <span class='ocrx_word' id='word_1_186' title='bbox 894 2679 981 2748; x_wconf 88' lang='lat' dir='ltr'><strong>praef.</strong></span> <span class='ocrx_word' id='word_1_187' title='bbox 1001 2697 1028 2748; x_wconf 91' lang='lat' dir='ltr'><strong>p.</strong></span> <span class='ocrx_word' id='word_1_188' title='bbox 1056 2680 1150 2748; x_wconf 88' lang='lat' dir='ltr'>XXII)</span> <span class='ocrx_word' id='word_1_189' title='bbox 1171 2694 1315 2748; x_wconf 84' lang='lat' dir='ltr'><strong>excoque</strong></span> <span class='ocrx_word' id='word_1_190' title='bbox 1334 2678 1408 2733; x_wconf 91' lang='lat' dir='ltr'><strong>Heu-</strong></span> 
     </span>
     <span class='ocr_line' id='line_1_20' title="bbox 272 2771 420 2826; baseline -0.007 -1"><span class='ocrx_word' id='word_1_191' title='bbox 272 2787 323 2826; x_wconf 87' lang='lat' dir='ltr'><strong>aen</strong></span> <span class='ocrx_word' id='word_1_192' title='bbox 341 2771 420 2826; x_wconf 90' lang='grc'>5478.</span> 
     </span>
    </p>

    <p class='ocr_par' dir='ltr' id='par_1_6' title="bbox 228 2855 1407 2932">
     <span class='ocr_line' id='line_1_21' title="bbox 228 2855 1407 2932; baseline -0.003 -20"><span class='ocrx_word' id='word_1_193' title='bbox 228 2927 230 2932; x_wconf 23' lang='grc' dir='ltr'>Ι</span> <span class='ocrx_word' id='word_1_194' title='bbox 377 2859 527 2912; x_wconf 81' lang='lat' dir='ltr'><strong>Hennenua</strong></span> <span class='ocrx_word' id='word_1_195' title='bbox 546 2857 593 2927; x_wconf 88' lang='lat' dir='ltr'><strong>(ad</strong></span> <span class='ocrx_word' id='word_1_196' title='bbox 612 2859 694 2926; x_wconf 82' lang='lat'>5478)</span> <span class='ocrx_word' id='word_1_197' title='bbox 714 2857 837 2925; x_wconf 85' lang='lat' dir='ltr'><strong>adnotat,</strong></span> <span class='ocrx_word' id='word_1_198' title='bbox 857 2857 965 2925; x_wconf 86' lang='lat' dir='ltr'><strong>priores</strong></span> <span class='ocrx_word' id='word_1_199' title='bbox 976 2873 1025 2912; x_wconf 86' lang='lat' dir='ltr'><strong>sex</strong></span> <span class='ocrx_word' id='word_1_200' title='bbox 1043 2872 1142 2912; x_wconf 89' lang='lat' dir='ltr'><strong>versus</strong></span> <span class='ocrx_word' id='word_1_201' title='bbox 1160 2857 1236 2911; x_wconf 91' lang='lat' dir='ltr'><strong>lectu</strong></span> <span class='ocrx_word' id='word_1_202' title='bbox 1256 2871 1317 2910; x_wconf 90' lang='lat' dir='ltr'><strong>esse</strong></span> <span class='ocrx_word' id='word_1_203' title='bbox 1337 2855 1407 2909; x_wconf 83' lang='lat' dir='ltr'><strong>diffi-</strong></span> 
     </span>
    </p>

    <p class='ocr_par' dir='ltr' id='par_1_7' title="bbox 269 2943 1409 3282">
     <span class='ocr_line' id='line_1_22' title="bbox 271 2943 1408 3016; baseline -0.004 -15"><span class='ocrx_word' id='word_1_204' title='bbox 271 2947 338 3001; x_wconf 87' lang='lat' dir='ltr'><strong>elles</strong></span> <span class='ocrx_word' id='word_1_205' title='bbox 359 2951 441 3016; x_wconf 89' lang='lat' dir='ltr'><strong>atque</strong></span> <span class='ocrx_word' id='word_1_206' title='bbox 461 2947 593 3001; x_wconf 86' lang='lat' dir='ltr'><strong>nonnulla</strong></span> <span class='ocrx_word' id='word_1_207' title='bbox 611 2945 655 3000; x_wconf 86' lang='lat' dir='ltr'><strong>bis</strong></span> <span class='ocrx_word' id='word_1_208' title='bbox 674 2945 785 3013; x_wconf 86' lang='lat' dir='ltr'><strong>scripta.</strong></span> <span class='ocrx_word' id='word_1_209' title='bbox 814 2945 887 2998; x_wconf 87' lang='lat' dir='ltr'><strong>Tum</strong></span> <span class='ocrx_word' id='word_1_210' title='bbox 905 2946 1010 3014; x_wconf 83' lang='lat' dir='ltr'><strong>pergit:</strong></span> <span class='ocrx_word' id='word_1_211' title='bbox 1034 2961 1152 3013; x_wconf 90' lang='lat' dir='ltr'><strong>„nomeu</strong></span> <span class='ocrx_word' id='word_1_212' title='bbox 1166 2949 1257 3000; x_wconf 88' lang='lat' dir='ltr'><strong>autem</strong></span> <span class='ocrx_word' id='word_1_213' title='bbox 1275 2943 1408 3012; x_wconf 90' lang='lat' dir='ltr'><strong>Apulesis</strong></span> 
     </span>
     <span class='ocr_line' id='line_1_23' title="bbox 271 3032 1408 3104; baseline -0.004 -15"><span class='ocrx_word' id='word_1_214' title='bbox 271 3035 420 3104; x_wconf 85' lang='lat' dir='ltr'><strong>aLigorio</strong></span> <span class='ocrx_word' id='word_1_215' title='bbox 445 3034 474 3088; x_wconf 93' lang='lat' dir='ltr'><strong>in</strong></span> <span class='ocrx_word' id='word_1_216' title='bbox 502 3035 710 3102; x_wconf 79' lang='lat' dir='ltr'><strong>inscriptionem</strong></span> <span class='ocrx_word' id='word_1_217' title='bbox 735 3033 872 3086; x_wconf 88' lang='lat' dir='ltr'><strong>intrusum</strong></span> <span class='ocrx_word' id='word_1_218' title='bbox 897 3048 959 3087; x_wconf 89' lang='lat' dir='ltr'><strong>esse</strong></span> <span class='ocrx_word' id='word_1_219' title='bbox 985 3032 1114 3100; x_wconf 84' lang='lat' dir='ltr'><strong>dixerim,</strong></span> <span class='ocrx_word' id='word_1_220' title='bbox 1145 3033 1169 3085; x_wconf 92' lang='lat' dir='ltr'><strong>si</strong></span> <span class='ocrx_word' id='word_1_221' title='bbox 1194 3032 1278 3086; x_wconf 87' lang='lat' dir='ltr'><strong>modo</strong></span> <span class='ocrx_word' id='word_1_222' title='bbox 1303 3037 1408 3086; x_wconf 88' lang='lat' dir='ltr'><strong>tantam</strong></span> 
     </span>
     <span class='ocr_line' id='line_1_24' title="bbox 270 3121 1409 3190; baseline -0.002 -12"><span class='ocrx_word' id='word_1_223' title='bbox 270 3123 453 3178; x_wconf 85' lang='lat' dir='ltr'><strong>eruditionem</strong></span> <span class='ocrx_word' id='word_1_224' title='bbox 473 3123 576 3178; x_wconf 92' lang='lat' dir='ltr'><strong>homini</strong></span> <span class='ocrx_word' id='word_1_225' title='bbox 595 3123 802 3178; x_wconf 89' lang='lat' dir='ltr'><strong>licettribuere.</strong></span> <span class='ocrx_word' id='word_1_226' title='bbox 839 3123 1014 3190; x_wconf 86' lang='lat' dir='ltr'><strong>Quapropter</strong></span> <span class='ocrx_word' id='word_1_227' title='bbox 1036 3121 1119 3174; x_wconf 89' lang='lat' dir='ltr'><strong>trium</strong></span> <span class='ocrx_word' id='word_1_228' title='bbox 1137 3121 1285 3175; x_wconf 87' lang='lat' dir='ltr'><strong>Daciarum</strong></span> <span class='ocrx_word' id='word_1_229' title='bbox 1297 3123 1409 3177; x_wconf 89' lang='lat' dir='ltr'><strong>nomina</strong></span> 
     </span>
     <span class='ocr_line' id='line_1_25' title="bbox 269 3210 1215 3282; baseline -0.004 -15"><span class='ocrx_word' id='word_1_230' title='bbox 269 3213 388 3268; x_wconf 87' lang='lat' dir='ltr'><strong>fortasse</strong></span> <span class='ocrx_word' id='word_1_231' title='bbox 408 3213 436 3266; x_wconf 94' lang='lat' dir='ltr'><strong>in</strong></span> <span class='ocrx_word' id='word_1_232' title='bbox 455 3213 535 3266; x_wconf 89' lang='lat' dir='ltr'><strong>tltulo</strong></span> <span class='ocrx_word' id='word_1_233' title='bbox 555 3212 729 3282; x_wconf 82' lang='lat' dir='ltr'><strong>legebantur,</strong></span> <span class='ocrx_word' id='word_1_234' title='bbox 749 3211 795 3279; x_wconf 91' lang='lat' dir='ltr'><strong>qui</strong></span> <span class='ocrx_word' id='word_1_235' title='bbox 815 3211 853 3264; x_wconf 88' lang='lat' dir='ltr'><strong>ita</strong></span> <span class='ocrx_word' id='word_1_236' title='bbox 872 3210 931 3265; x_wconf 89' lang='lat' dir='ltr'><strong>fere</strong></span> <span class='ocrx_word' id='word_1_237' title='bbox 949 3210 1139 3264; x_wconf 89' lang='lat' dir='ltr'><strong>restituendus</strong></span> <span class='ocrx_word' id='word_1_238' title='bbox 1159 3214 1215 3264; x_wconf 90' lang='lat' dir='ltr'><strong>est:</strong></span> 
     </span>
    </p>

    <p class='ocr_par' dir='ltr' id='par_1_8' title="bbox 267 3299 1405 3545">
     <span class='ocr_line' id='line_1_26' title="bbox 375 3299 1405 3371; baseline 0 -17"><span class='ocrx_word' id='word_1_239' title='bbox 375 3301 447 3371; x_wconf 85' lang='lat' dir='ltr'><strong>leg.</strong></span> <span class='ocrx_word' id='word_1_240' title='bbox 465 3303 554 3370; x_wconf 79' lang='lat' dir='ltr'><strong>Aug.</strong></span> <span class='ocrx_word' id='word_1_241' title='bbox 573 3317 619 3368; x_wconf 86' lang='lat' dir='ltr'><strong>pr.</strong></span> <span class='ocrx_word' id='word_1_242' title='bbox 644 3317 691 3369; x_wconf 91' lang='lat' dir='ltr'><strong>pr.</strong></span> <span class='ocrx_word' id='word_1_243' title='bbox 715 3299 980 3368; x_wconf 83' lang='lat' dir='ltr'><strong>provinciarum</strong></span> <span class='ocrx_word' id='word_1_244' title='bbox 1010 3299 1192 3352; x_wconf 83' lang='lat' dir='ltr'><strong>Daciarum</strong></span> <span class='ocrx_word' id='word_1_245' title='bbox 1215 3299 1323 3353; x_wconf 93' lang='lat' dir='ltr'><strong>trium</strong></span> <span class='ocrx_word' id='word_1_246' title='bbox 1342 3301 1405 3354; x_wconf 85' lang='lat' dir='ltr'><strong>Me-</strong></span> 
     </span>
     <span class='ocr_line' id='line_1_27' title="bbox 267 3385 1405 3460; baseline -0.002 -16"><span class='ocrx_word' id='word_1_247' title='bbox 267 3389 412 3460; x_wconf 88' lang='lat' dir='ltr'><strong>lnensis‚</strong></span> <span class='ocrx_word' id='word_1_248' title='bbox 426 3389 596 3444; x_wconf 83' lang='lat' dir='ltr'><strong>Aurariae</strong></span> <span class='ocrx_word' id='word_1_249' title='bbox 616 3389 662 3458; x_wconf 78' lang='lat' dir='ltr'><strong>(l),</strong></span> <span class='ocrx_word' id='word_1_250' title='bbox 681 3387 885 3457; x_wconf 86' lang='lat' dir='ltr'><strong>Apulensis,</strong></span> <span class='ocrx_word' id='word_1_251' title='bbox 904 3388 1009 3441; x_wconf 90' lang='lat' dir='ltr'><strong>simul</strong></span> <span class='ocrx_word' id='word_1_252' title='bbox 1028 3388 1093 3456; x_wconf 84' lang='lat' dir='ltr'><strong>leg.</strong></span> <span class='ocrx_word' id='word_1_253' title='bbox 1113 3385 1202 3457; x_wconf 82' lang='lat' dir='ltr'><strong>Aug.</strong></span> <span class='ocrx_word' id='word_1_254' title='bbox 1221 3404 1405 3457; x_wconf 76' lang='lat' dir='ltr'><strong>pnprpro-</strong></span> 
     </span>
     <span class='ocr_line' id='line_1_28' title="bbox 267 3476 813 3545; baseline -0.005 -12"><span class='ocrx_word' id='word_1_255' title='bbox 267 3478 411 3534; x_wconf 89' lang='lat' dir='ltr'><strong>vinciae</strong></span> <span class='ocrx_word' id='word_1_256' title='bbox 430 3478 585 3532; x_wconf 85' lang='lat' dir='ltr'><strong>Moesiae</strong></span> <span class='ocrx_word' id='word_1_257' title='bbox 614 3476 813 3545; x_wconf 84' lang='lat' dir='ltr'><strong>superioris</strong></span> 
     </span>
    </p>

    <p class='ocr_par' dir='ltr' id='par_1_9' title="bbox 267 3563 1403 3813">
     <span class='ocr_line' id='line_1_29' title="bbox 375 3563 1402 3636; baseline 0 -16"><span class='ocrx_word' id='word_1_258' title='bbox 375 3566 523 3636; x_wconf 88' lang='lat' dir='ltr'><strong>additque:</strong></span> <span class='ocrx_word' id='word_1_259' title='bbox 544 3565 622 3636; x_wconf 82' lang='lat' dir='ltr'><strong>„Hac</strong></span> <span class='ocrx_word' id='word_1_260' title='bbox 641 3570 733 3620; x_wconf 91' lang='lat' dir='ltr'><strong>autem</strong></span> <span class='ocrx_word' id='word_1_261' title='bbox 751 3564 893 3634; x_wconf 86' lang='lat' dir='ltr'><strong>legatione</strong></span> <span class='ocrx_word' id='word_1_262' title='bbox 917 3569 983 3632; x_wconf 83' lang='lat' dir='ltr'><strong>post</strong></span> <span class='ocrx_word' id='word_1_263' title='bbox 1004 3568 1121 3618; x_wconf 91' lang='lat' dir='ltr'><strong>mortem</strong></span> <span class='ocrx_word' id='word_1_264' title='bbox 1140 3565 1171 3618; x_wconf 90' lang='lat' dir='ltr'><strong>L.</strong></span> <span class='ocrx_word' id='word_1_265' title='bbox 1191 3564 1260 3618; x_wconf 90' lang='lat' dir='ltr'><strong>Veri</strong></span> <span class='ocrx_word' id='word_1_266' title='bbox 1288 3563 1402 3620; x_wconf 89' lang='lat' dir='ltr'><strong>functus</strong></span> 
     </span>
     <span class='ocr_line' id='line_1_30' title="bbox 267 3654 1403 3728; baseline 0.001 -17"><span class='ocrx_word' id='word_1_267' title='bbox 267 3661 325 3724; x_wconf 78' lang='lat' dir='ltr'><strong>est3</strong></span> <span class='ocrx_word' id='word_1_268' title='bbox 355 3655 385 3708; x_wconf 91' lang='lat' dir='ltr'><strong>id</strong></span> <span class='ocrx_word' id='word_1_269' title='bbox 404 3654 481 3725; x_wconf 91' lang='lat' dir='ltr'><strong>quod</strong></span> <span class='ocrx_word' id='word_1_270' title='bbox 511 3654 591 3708; x_wconf 91' lang='lat' dir='ltr'><strong>titulo</strong></span> <span class='ocrx_word' id='word_1_271' title='bbox 619 3671 645 3708; x_wconf 94' lang='lat' dir='ltr'><strong>n.</strong></span> <span class='ocrx_word' id='word_1_272' title='bbox 669 3655 739 3710; x_wconf 86' lang='grc'>5479</span> <span class='ocrx_word' id='word_1_273' title='bbox 771 3654 956 3724; x_wconf 81' lang='lat' dir='ltr'><strong>confirmatur,</strong></span> <span class='ocrx_word' id='word_1_274' title='bbox 988 3671 1044 3724; x_wconf 93' lang='lat' dir='ltr'><strong>quo</strong></span> <span class='ocrx_word' id='word_1_275' title='bbox 1069 3655 1188 3724; x_wconf 81' lang='lat' dir='ltr'><strong>simplici</strong></span> <span class='ocrx_word' id='word_1_276' title='bbox 1207 3655 1232 3710; x_wconf 83' lang='lat' dir='ltr'><strong>G</strong></span> <span class='ocrx_word' id='word_1_277' title='bbox 1251 3672 1307 3710; x_wconf 87' lang='lat' dir='ltr'><strong>vox</strong></span> <span class='ocrx_word' id='word_1_278' title='bbox 1326 3655 1403 3728; x_wconf 81' lang='lat' dir='ltr'><strong>Aug.</strong></span> 
     </span>
     <span class='ocr_line' id='line_1_31' title="bbox 267 3743 959 3813; baseline -0.009 -15"><span class='ocrx_word' id='word_1_279' title='bbox 267 3744 371 3813; x_wconf 83' lang='lat' dir='ltr'><strong>scripta</strong></span> <span class='ocrx_word' id='word_1_280' title='bbox 390 3743 508 3799; x_wconf 85' lang='lat' dir='ltr'><strong>exstat.“</strong></span> <span class='ocrx_word' id='word_1_281' title='bbox 957 3785 959 3792; x_wconf 93' lang='lat'><strong>.</strong></span> 
     </span>
    </p>

    <p class='ocr_par' dir='ltr' id='par_1_10' title="bbox 372 3831 1037 3888">
     <span class='ocr_line' id='line_1_32' title="bbox 372 3831 1037 3888; baseline 0.003 -2"><span class='ocrx_word' id='word_1_282' title='bbox 372 3831 451 3887; x_wconf 91' lang='lat' dir='ltr'><strong>Idem</strong></span> <span class='ocrx_word' id='word_1_283' title='bbox 470 3831 506 3885; x_wconf 91' lang='lat' dir='ltr'><strong>ad</strong></span> <span class='ocrx_word' id='word_1_284' title='bbox 525 3833 555 3888; x_wconf 81' lang='grc' dir='ltr'><strong>Ο.</strong></span> <span class='ocrx_word' id='word_1_285' title='bbox 574 3833 601 3887; x_wconf 88' lang='lat' dir='ltr'><strong>J.</strong></span> <span class='ocrx_word' id='word_1_286' title='bbox 621 3836 652 3887; x_wconf 89' lang='lat' dir='ltr'><strong>L.</strong></span> <span class='ocrx_word' id='word_1_287' title='bbox 672 3833 713 3887; x_wconf 95' lang='lat' dir='ltr'><strong>VI</strong></span> <span class='ocrx_word' id='word_1_288' title='bbox 733 3833 802 3888; x_wconf 86' lang='grc'>1377</span> <span class='ocrx_word' id='word_1_289' title='bbox 820 3831 890 3887; x_wconf 91' lang='lat' dir='ltr'><strong>haec</strong></span> <span class='ocrx_word' id='word_1_290' title='bbox 909 3833 1037 3888; x_wconf 88' lang='lat' dir='ltr'><strong>adnotat:</strong></span> 
     </span>
    </p>

    <p class='ocr_par' dir='ltr' id='par_1_11' title="bbox 265 3921 1403 4434">
     <span class='ocr_line' id='line_1_33' title="bbox 373 3921 1402 3993; baseline 0.004 -19"><span class='ocrx_word' id='word_1_291' title='bbox 373 3923 422 3990; x_wconf 91' lang='lat' dir='ltr'><strong>„In</strong></span> <span class='ocrx_word' id='word_1_292' title='bbox 441 3921 519 3975; x_wconf 93' lang='lat' dir='ltr'><strong>initio</strong></span> <span class='ocrx_word' id='word_1_293' title='bbox 539 3921 612 3976; x_wconf 89' lang='lat' dir='ltr'><strong>tituli</strong></span> <span class='ocrx_word' id='word_1_294' title='bbox 631 3939 693 3976; x_wconf 91' lang='lat' dir='ltr'><strong>curn</strong></span> <span class='ocrx_word' id='word_1_295' title='bbox 712 3925 798 3976; x_wconf 89' lang='lat' dir='ltr'><strong>multa</strong></span> <span class='ocrx_word' id='word_1_296' title='bbox 817 3937 833 3974; x_wconf 91' lang='lat' dir='ltr'><strong>a</strong></span> <span class='ocrx_word' id='word_1_297' title='bbox 851 3922 967 3991; x_wconf 79' lang='lat' dir='ltr'><strong>Ligurio</strong></span> <span class='ocrx_word' id='word_1_298' title='bbox 981 3923 1093 3976; x_wconf 88' lang='lat' dir='ltr'><strong>turbate</strong></span> <span class='ocrx_word' id='word_1_299' title='bbox 1112 3928 1140 3977; x_wconf 90' lang='lat' dir='ltr'><strong>et</strong></span> <span class='ocrx_word' id='word_1_300' title='bbox 1158 3923 1326 3992; x_wconf 88' lang='lat' dir='ltr'><strong>interpolata</strong></span> <span class='ocrx_word' id='word_1_301' title='bbox 1339 3923 1402 3993; x_wconf 87' lang='lat' dir='ltr'><strong>sint,</strong></span> 
     </span>
     <span class='ocr_line' id='line_1_34' title="bbox 266 4011 1403 4081; baseline 0.001 -16"><span class='ocrx_word' id='word_1_302' title='bbox 266 4016 383 4081; x_wconf 85' lang='lat' dir='ltr'><strong>apparet</strong></span> <span class='ocrx_word' id='word_1_303' title='bbox 401 4026 464 4065; x_wconf 92' lang='lat' dir='ltr'><strong>eum</strong></span> <span class='ocrx_word' id='word_1_304' title='bbox 485 4026 537 4064; x_wconf 89' lang='lat' dir='ltr'><strong>nee</strong></span> <span class='ocrx_word' id='word_1_305' title='bbox 557 4011 871 4079; x_wconf 84' lang='lat' dir='ltr'><strong>.‚p1·0uinciasDacias“</strong></span> <span class='ocrx_word' id='word_1_306' title='bbox 895 4027 948 4066; x_wconf 89' lang='lat' dir='ltr'><strong>nec</strong></span> <span class='ocrx_word' id='word_1_307' title='bbox 972 4011 1122 4080; x_wconf 85' lang='lat' dir='ltr'><strong>„Moesiam</strong></span> <span class='ocrx_word' id='word_1_308' title='bbox 1142 4013 1332 4080; x_wconf 70' lang='lat' dir='ltr'><strong>surpueriorem²‘</strong></span> <span class='ocrx_word' id='word_1_309' title='bbox 1350 4028 1403 4067; x_wconf 89' lang='lat' dir='ltr'><strong>nec</strong></span> 
     </span>
     <span class='ocr_line' id='line_1_35' title="bbox 265 4098 1402 4168; baseline 0 -14"><span class='ocrx_word' id='word_1_310' title='bbox 265 4098 432 4154; x_wconf 88' lang='lat' dir='ltr'><strong>vocabulum</strong></span> <span class='ocrx_word' id='word_1_311' title='bbox 451 4099 565 4167; x_wconf 86' lang='lat' dir='ltr'><strong>„simul“</strong></span> <span class='ocrx_word' id='word_1_312' title='bbox 585 4115 637 4154; x_wconf 89' lang='lat' dir='ltr'><strong>nec</strong></span> <span class='ocrx_word' id='word_1_313' title='bbox 655 4100 787 4168; x_wconf 88' lang='lat' dir='ltr'><strong>„Daciam</strong></span> <span class='ocrx_word' id='word_1_314' title='bbox 805 4100 1006 4168; x_wconf 84' lang='lat' dir='ltr'><strong>Apulensem“,</strong></span> <span class='ocrx_word' id='word_1_315' title='bbox 1025 4115 1096 4168; x_wconf 87' lang='lat' dir='ltr'><strong>quae</strong></span> <span class='ocrx_word' id='word_1_316' title='bbox 1116 4101 1176 4154; x_wconf 90' lang='lat' dir='ltr'><strong>eius</strong></span> <span class='ocrx_word' id='word_1_317' title='bbox 1195 4105 1286 4155; x_wconf 90' lang='lat' dir='ltr'><strong>aetate</strong></span> <span class='ocrx_word' id='word_1_318' title='bbox 1304 4116 1402 4168; x_wconf 88' lang='lat' dir='ltr'><strong>parum</strong></span> 
     </span>
     <span class='ocr_line' id='line_1_36' title="bbox 265 4186 1400 4257; baseline 0.001 -14"><span class='ocrx_word' id='word_1_319' title='bbox 265 4193 331 4242; x_wconf 88' lang='lat' dir='ltr'><strong>nota</strong></span> <span class='ocrx_word' id='word_1_320' title='bbox 350 4191 418 4255; x_wconf 86' lang='lat' dir='ltr'><strong>crat,</strong></span> <span class='ocrx_word' id='word_1_321' title='bbox 437 4186 560 4240; x_wconf 87' lang='lat' dir='ltr'><strong>finxisse.</strong></span> <span class='ocrx_word' id='word_1_322' title='bbox 597 4187 706 4242; x_wconf 90' lang='lat' dir='ltr'><strong>Partem</strong></span> <span class='ocrx_word' id='word_1_323' title='bbox 726 4189 911 4255; x_wconf 79' lang='lat' dir='ltr'><strong>posteriorem</strong></span> <span class='ocrx_word' id='word_1_324' title='bbox 930 4193 1036 4243; x_wconf 87' lang='lat' dir='ltr'><strong>tautum</strong></span> <span class='ocrx_word' id='word_1_325' title='bbox 1055 4205 1111 4243; x_wconf 90' lang='lat' dir='ltr'><strong>nou</strong></span> <span class='ocrx_word' id='word_1_326' title='bbox 1130 4189 1318 4257; x_wconf 88' lang='lat' dir='ltr'><strong>incorruptam</strong></span> <span class='ocrx_word' id='word_1_327' title='bbox 1338 4205 1400 4244; x_wconf 88' lang='lat' dir='ltr'><strong>csse</strong></span> 
     </span>
     <span class='ocr_line' id='line_1_37' title="bbox 266 4275 1402 4346; baseline 0 -15"><span class='ocrx_word' id='word_1_328' title='bbox 266 4281 294 4332; x_wconf 90' lang='lat' dir='ltr'><strong>et</strong></span> <span class='ocrx_word' id='word_1_329' title='bbox 312 4291 363 4344; x_wconf 90' lang='lat' dir='ltr'><strong>per</strong></span> <span class='ocrx_word' id='word_1_330' title='bbox 382 4290 412 4330; x_wconf 90' lang='lat' dir='ltr'><strong>se</strong></span> <span class='ocrx_word' id='word_1_331' title='bbox 431 4279 460 4330; x_wconf 90' lang='lat' dir='ltr'><strong>ct</strong></span> <span class='ocrx_word' id='word_1_332' title='bbox 477 4275 636 4330; x_wconf 85' lang='lat' dir='ltr'><strong>testimonio</strong></span> <span class='ocrx_word' id='word_1_333' title='bbox 649 4276 723 4330; x_wconf 86' lang='lat' dir='ltr'><strong>tituli</strong></span> <span class='ocrx_word' id='word_1_334' title='bbox 736 4277 853 4332; x_wconf 78' lang='lat' dir='ltr'><strong>Claudio</strong></span> <span class='ocrx_word' id='word_1_335' title='bbox 871 4277 1008 4332; x_wconf 85' lang='lat' dir='ltr'><strong>Frontoni</strong></span> <span class='ocrx_word' id='word_1_336' title='bbox 1021 4292 1037 4330; x_wconf 89' lang='lat' dir='ltr'><strong>a</strong></span> <span class='ocrx_word' id='word_1_337' title='bbox 1049 4278 1160 4332; x_wconf 89' lang='lat' dir='ltr'><strong>colonia</strong></span> <span class='ocrx_word' id='word_1_338' title='bbox 1179 4277 1402 4346; x_wconf 86' lang='lat' dir='ltr'><strong>Sarmizegetusa</strong></span> 
     </span>
     <span class='ocr_line' id='line_1_38' title="bbox 265 4363 911 4434; baseline 0 -15"><span class='ocrx_word' id='word_1_339' title='bbox 265 4364 350 4434; x_wconf 90' lang='lat' dir='ltr'><strong>positi</strong></span> <span class='ocrx_word' id='word_1_340' title='bbox 369 4364 412 4432; x_wconf 85' lang='lat' dir='ltr'><strong>(O.</strong></span> <span class='ocrx_word' id='word_1_341' title='bbox 431 4365 458 4419; x_wconf 87' lang='lat' dir='ltr'><strong>J.</strong></span> <span class='ocrx_word' id='word_1_342' title='bbox 477 4367 509 4418; x_wconf 92' lang='lat' dir='ltr'><strong>L.</strong></span> <span class='ocrx_word' id='word_1_343' title='bbox 528 4363 570 4417; x_wconf 94' lang='lat' dir='ltr'><strong>III</strong></span> <span class='ocrx_word' id='word_1_344' title='bbox 588 4379 615 4417; x_wconf 93' lang='lat' dir='ltr'><strong>n.</strong></span> <span class='ocrx_word' id='word_1_345' title='bbox 635 4364 716 4433; x_wconf 91' lang='grc'>1457)</span> <span class='ocrx_word' id='word_1_346' title='bbox 735 4370 842 4420; x_wconf 90' lang='lat' dir='ltr'><strong>certum</strong></span> <span class='ocrx_word' id='word_1_347' title='bbox 859 4371 911 4421; x_wconf 88' lang='lat' dir='ltr'><strong>est.</strong></span> 
     </span>
    </p>

    <p class='ocr_par' dir='ltr' id='par_1_12' title="bbox 371 4452 1401 4526">
     <span class='ocr_line' id='line_1_39' title="bbox 371 4452 1401 4526; baseline 0 -19"><span class='ocrx_word' id='word_1_348' title='bbox 371 4453 568 4521; x_wconf 82' lang='lat' dir='ltr'><strong>Mommsenus‚</strong></span> <span class='ocrx_word' id='word_1_349' title='bbox 596 4467 678 4521; x_wconf 91' lang='lat' dir='ltr'><strong>quem</strong></span> <span class='ocrx_word' id='word_1_350' title='bbox 697 4453 824 4523; x_wconf 82' lang='lat' dir='ltr'><strong>sequitur</strong></span> <span class='ocrx_word' id='word_1_351' title='bbox 841 4455 991 4510; x_wconf 85' lang='lat' dir='ltr'><strong>Hennenus</strong></span> <span class='ocrx_word' id='word_1_352' title='bbox 1010 4455 1054 4522; x_wconf 82' lang='lat' dir='ltr'><strong>(O.</strong></span> <span class='ocrx_word' id='word_1_353' title='bbox 1067 4455 1093 4509; x_wconf 86' lang='lat' dir='ltr'><strong>J.</strong></span> <span class='ocrx_word' id='word_1_354' title='bbox 1107 4456 1138 4509; x_wconf 94' lang='lat' dir='ltr'><strong>L.</strong></span> <span class='ocrx_word' id='word_1_355' title='bbox 1157 4453 1200 4509; x_wconf 94' lang='lat' dir='ltr'><strong>VI</strong></span> <span class='ocrx_word' id='word_1_356' title='bbox 1219 4455 1309 4526; x_wconf 88' lang='grc'>1377),</span> <span class='ocrx_word' id='word_1_357' title='bbox 1328 4452 1401 4508; x_wconf 91' lang='lat' dir='ltr'><strong>tituli</strong></span> 
     </span>
    </p>
   </div>
   <div class='ocr_carea' id='block_1_5' title="bbox 0 0 1658 5190">
    <p class='ocr_par' dir='ltr' id='par_1_13' title="bbox 0 0 1658 5190">
     <span class='ocr_line' id='line_1_40' title="bbox 0 0 1658 5190; baseline 0 3"><span class='ocrx_word' id='word_1_358' title='bbox 0 0 1658 5190; x_wconf 95' lang='lat' dir='ltr'><strong> </strong></span> 
     </span>
    </p>
   </div>
  </div>
 </body>
</html>
