3308 5190
824 529 859 588 to

274 737 301 781 a.
326 721 389 779 136
424 717 571 778 661131.
618 714 671 775 Oui
705 713 867 774 sententiae
901 729 933 770 sc
968 708 1129 786 applicavit
1150 699 1295 766 Francius
1304 705 1335 778 ¹).
1360 736 1401 746 -

273 833 414 893 Vulcacio
443 831 595 893 Gallicano
625 827 768 902 Quadrati
801 828 939 887 historias
968 825 1099 884 laudanti
1131 824 1156 882 si
1185 819 1271 880 fidem
1301 817 1403 897 habes,

272 945 461 1008 Heliodorum
484 944 566 1004 initio
589 943 681 1004 Marci
703 941 888 1018 imperatoris
909 940 1059 1000 etiamtum
1086 937 1196 996 vixisse
1218 935 1403 996 anctoritate·

273 1079 331 1138 qne
353 1060 492 1139 valuisse,
517 1057 569 1119 sed
592 1058 679 1134 paulo
702 1060 770 1134 post
788 1059 910 1115 mortem
933 1053 1029 1113 obisse
1052 1052 1204 1129 cognoscis
1214 1051 1247 1126 ²).

526 1265 529 1270 ’
580 1273 610 1342 6)
630 1269 707 1346 ind
726 1270 763 1324 de
780 1269 820 1324 lis
838 1269 881 1323 sit
898 1267 1104 1337 indicandum,

407 1384 486 1440 qnae
504 1370 542 1424 de
559 1368 665 1438 priore
684 1367 785 1422 Arldll
803 1365 982 1426 casalialto
1000 1363 1088 1421 uobis
1100 1361 1280 1416 traduntur.

376 1499 397 1578 ξ
428 1504 457 1560 1.
510 1499 667 1558 Vulcacius
704 1495 874 1556 Gallicanus
903 1495 993 1554 tradit
1021 1493 1160 1558 Avidium
1189 1490 1321 1552 Cassium
1349 1459 1405 1550 iam

272 1614 421 1675 Antonino
450 1609 504 1674 Pio
534 1613 686 1689 imperinm
717 1615 891 1685 extorquere
921 1608 1061 1670 habuisse
1091 1609 1122 1668 in
1152 1608 1260 1666 animo.
1307 1603 1404 1680 Atque

272 1732 366 1806 ipsam
388 1748 450 1791 rem
474 1729 591 1806 qnidam
614 1727 709 1803 patris
732 1726 905 1786 auctoritate
916 1725 1048 1804 latuisse,
1071 1741 1173 1783 verum
1197 1741 1214 1781 a
1238 1717 1404 1798 suspicione

272 1845 353 1905 illum
376 1864 434 1906 uon
458 1861 523 1904 6666
546 1843 702 1903 liberatum
710 1839 743 1923 ³).
769 1843 899 1918 Tempus
912 1839 1033 1900 definire
1056 1839 1168 1900 studuit
1182 1833 1404 1918 terruncium),

275 1962 387 2037 cogitat
410 1962 486 2020 enim
517 1959 553 2020 dc
583 1959 667 2018 annis
695 1957 762 2018 inde
785 1956 823 2017 ab
844 1976 872 2016 a.
897 1955 966 2016 Chr.
996 1956 1059 2014 145
1083 1972 1176 2030 nsque
1205 1953 1253 2012 ad.
1278 1972 1305 2012 a.
1331 1953 1405 2012 148.

273 2074 383 2136 Verum
407 2094 473 2134 cum,
494 2075 574 2136 nullo
599 2074 658 2133 alio
682 2074 846 2133 testimonio
869 2072 999 2131 narratio
1022 2070 1154 2130 Vulcacii
1183 2070 1296 2128 nitatur
1318 2085 1406 2143 qnam

273 2189 310 2198 ..—

381 2230 409 2296 1)
424 2229 459 2284 C.
473 2229 499 2282 J.
514 2227 717 2295 (11116312,
736 2225 785 2280 ubi
803 2226 937 2294 temporis
956 2225 1054 2279 ordine
1073 2228 1185 2278 servato
1203 2221 1407 2293 6666166646-

272 2317 354 2388 gypti
373 2316 527 2371 enumerati
546 2319 618 2369 sunt.
657 2345 659 2350 .
1031 2328 1034 2339 ¹

382 2407 410 2473 2)
430 2405 479 2458 vit.
498 2403 586 2458 Avid.
606 2403 684 2458 Cass.
705 2419 728 2456 c.
743 2403 766 2472 1,
789 2407 812 2467 §-
832 2405 856 2458 2.
873 2406 904 2458 3:
926 2419 1005 2470 „cum
1023 2403 1100 2457 illum
1119 2419 1254 2458 summum
1272 2402 1361 2456 virum
1377 2407 1409 2456 et

277 2492 466 2546 necessarium
486 2491 527 2546 rei
546 2491 676 2559 publicae
696 2491 800 2556 adserit
820 2497 847 2545 et
866 2492 941 2560 apud
958 2492 1049 2560 ipsum
1068 2493 1191 2546 Marcum
1209 2491 1407 2559 praeualidum.

274 2595 337 2632 nam
357 2579 411 2634 iam
436 2596 471 2635 eo
495 2580 648 2647 imperante
674 2580 781 2648 perisse
806 2579 883 2633 fatali
906 2585 982 2634 sorte
1008 2579 1197 2649 perhibetur“.
1216 2611 1250 2620 —
1271 2580 1409 2652 Equidem

276 2667 422 2738 hocloco,
447 2683 517 2738 quae
537 2669 572 2723 de
591 2669 745 2724 Heliodoro
765 2669 904 2724 subtiliter
927 2669 1061 2725 disseruit
1077 2669 1246 2723 Letronnius
1264 2669 1282 2722 l.
1302 2685 1335 2738 6.,
1353 2685 1410 2722 666

272 2760 417 2824 ¹repetam3
447 2772 538 2825 pauca
561 2773 629 2811 voro
654 2757 754 2810 addam
773 2757 807 2811 de
827 2756 1038 2826 Waddingtonii
1061 2757 1168 2811 ratione
1193 2762 1349 2826 temporum
1374 2757 1408 2811 ab

276 2845 324 2898 illa
341 2845 487 2900 Letronnii
506 2845 627 2913 quodam
646 2846 731 2899 modo
750 2846 870 2900 diversa.
888 2846 1051 2914 Disputavit
1069 2846 1105 2900 de
1118 2845 1271 2900 Heliodoro
1290 2847 1319 2900 iu
1338 2862 1410 2900 com-

277 2933 412 2988 mentario
432 2934 511 2988 cuius
530 2934 627 2988 titulus
647 2939 702 2989 est:
724 2933 886 3002 „Mdmoires
906 2950 953 2988 sur
970 2935 998 2988 la
1016 2934 1197 3004 chronologis
1216 2936 1252 2990 de
1270 2936 1297 2990 la
1314 2937 1359 2990 vie
1373 2935 1411 2989 du

277 3020 659 3077 61611666Α61166Ατί611616ιι
681 3024 735 3090 (inz
754 3022 901 3080 Mdmoirer
913 3025 947 3078 de
958 3024 1085 3078 l’institut
1103 3023 1228 3093 imperial
1247 3024 1282 3078 dc
1294 3025 1409 3092 Franco,

275 3108 428 3165 Academia
459 3110 509 3165 des
533 3110 713 3180 inscriptions
739 3117 766 3166 et
801 3112 1007 3176 belles-lettres,
1034 3111 1133 3168 'Peme‘
1151 3115 1193 3182 26,
1224 3113 1302 3166 Paris
1333 3113 1409 3180 1867,

276 3216 303 3267 p.
317 3201 473 3266 203—2683
487 3199 583 3252 addita
594 3204 637 3254 est
649 3199 744 3254 tabula
758 3200 976 3269 chronologica.)
996 3200 1049 3254 Ubi
1063 3202 1101 3269 (p.
1115 3202 1167 3256 217
1181 3203 1215 3270 s.)
1228 3201 1410 3256 Heliodorum

275 3287 418 3342 Hadriano
444 3286 478 3341 ab
504 3286 630 3354 epistulis
654 3287 741 3342 fuisse
767 3288 925 3354 suspicatur
945 3287 1019 3341 circa
1044 3303 1067 3341 a.
1091 3305 1118 3356 p.
1144 3288 1207 3342 Chr.
1232 3289 1296 3357 1203
1328 3290 1411 3356 (inter

277 3391 365 3430 annos
385 3377 437 3430 120
456 3378 485 3428 et
504 3377 569 3430 122:
589 3374 709 3428 Hirschf.
728 3376 745 3428 l.
760 3392 783 3428 c.
803 3391 867 3444 pag.
887 3377 948 3443 257,
968 3392 1029 3428 aun.
1043 3377 1080 3443 4).
1100 3376 1210 3430 Deinde
1229 3393 1291 3430 cum
1309 3377 1357 3432 ille
1377 3393 1411 3430 cx

276 3478 376 3532 magna
395 3462 485 3532 gratia
505 3465 532 3516 ct
549 3460 646 3516 favore
665 3463 693 3516 in
713 3463 807 3516 odium
826 3463 950 3517 venisset
971 3463 1032 3532 (cfr.
1059 3463 1150 3532 Spart.
1168 3463 1253 3518 Hadr.
1273 3481 1297 3517 6.
1318 3467 1359 3538 1-5,
1379 3468 1410 3520 5:

278 3550 476 3620 „Heliodorum
494 3549 685 3608 famosissimis
703 3551 805 3604 litteris
824 3551 1006 3619 lacessivit“)‚
1025 3552 1117 3620 gratia
1135 3552 1169 3605 ab
1190 3550 1336 3608 Antonino
1360 3553 1410 3607 Pio

276 3642 444 3710 imperatore
472 3642 637 3706 recuperata
664 3639 743 3692 initio
770 3638 852 3692 huius
883 3639 1055 3706 principatus
1083 3637 1255 3708 praesectum
1283 3639 1412 3710 Aegypti

276 3729 380 3783 factum
405 3741 467 3780 esse
493 3726 532 3794 (p.
557 3727 629 3794 243).
672 3724 758 3781 Anno
778 3744 804 3794 p.
825 3725 888 3780 Chr.
910 3730 968 3794 153,
992 3727 1088 3780 relicta
1111 3725 1257 3796 Aegypto,
1281 3728 1309 3781 in
1333 3728 1413 3782 ltalia

276 3818 353 3891 illum
370 3814 457 3869 fuisse
477 3814 516 3882 (p.
531 3815 581 3868 126
595 3816 638 3882 s),
657 3814 731 3867 unde
750 3815 856 3870 litteras
869 3815 1029 3883 scripsisset
1047 3815 1082 3870 de
1102 3815 1203 3884 quibus
1221 3815 1412 3884 loquiturAc-

277 3907 331 3962 lius
355 3901 492 3957 Aristides
517 3901 626 3972 rhetor,
652 3901 697 3956 Or.
717 3919 787 3958 secr.
813 3905 853 3958 IV
872 3922 899 3974 p.
925 3907 977 3960 6112
1000 3906 1103 3961 Canter
1129 3930 1161 3953 =
1187 3923 1214 3974 p.
1239 3907 1292 3961 524
1317 3905 1412 3960 Diud.:

279 3995 404 4064 ἡμέραις
428 3989 601 4047 6616611616
622 3989 739 4060 ὕστερον
761 3994 787 4053 ἐξ
805 3993 1156 4064 Ἰταλίαςιιίᾳψικνοῠνται
1183 3995 1336 4046 ἐπιστολαί
1359 4011 1412 4062 μοι

280 4081 361 4150 παροῒ
384 4079 443 4132 τῶν
470 4080 627 4146 βασιλέων,
657 4080 709 4131 τοῦ
740 4095 768 4131 τε
794 4079 1010 4149 αὐτοκράτορος
1037 4077 1128 4130 ου’τοῠ
1154 4082 1204 4130 καὶ
1231 4080 1283 4130 τοῦ
1307 4079 1414 4138 παιδὸς

280 4205 422 4226 ......
436 4167 499 4233 ἥκει
517 4165 551 4220 δέ
568 4185 622 4238 μοι
646 4159 696 4217 κἀὶ
716 4169 798 4234 napo*
814 4166 993 4236 Ἡλιοδώρου
1012 4167 1063 4217 τοῦ
1082 4164 1299 4236 τῆςΑἰγύπτου
1322 4163 1414 4234 ὑπείρ-

280 4273 334 4324 χου
354 4257 517 4327 γενομένου
534 4253 696 4325 γράμματα
716 4249 780 4322 ἅμα
800 4262 861 4311 τοῖς
880 4255 1067 4320 βασιλικοῖς.
1088 4293 1094 4305 .
1115 4293 1121 4306 .
1141 4293 1147 4306 .

386 4341 414 4410 3)
433 4339 482 4394 vit.
501 4337 586 4395 Avid.
605 4339 685 4395 Oas's.
704 4355 728 4393 6.
748 4342 772 4408 1,
792 4341 818 4394 5.

386 4429 416 4498 4)
434 4429 452 4482 1.
471 4444 495 4484 6.
