3280 5190
793 578 826 632 13

243 759 314 818 Pius
337 753 545 839 appellatur.1)
580 758 685 833 Itaque
706 758 752 816 Pii
773 775 877 818 nornen
901 757 931 815 in
954 755 1038 816 titulo
1061 754 1111 814 illo
1129 753 1242 817 Neratii
1256 756 1373 816 Proculi

245 874 434 949 conspicuum
464 891 522 932 non
553 873 659 951 obstat,
683 873 837 948 quominus
863 873 899 932 de
932 873 970 931 M.
996 872 1115 931 Aurelio
1138 872 1286 932 Antonino
1309 871 1373 949 phi-

244 989 366 1065 losopho
383 989 553 1064 cogitemus.
588 987 627 1046 Ut
641 989 720 1047 huno
731 988 962 1066 submoveamus,
986 988 1044 1046 alia
1067 1004 1157 1047 eausa
1170 987 1373 1063 perducimur:

245 1123 302 1164 non
326 1105 401 1162 enirn
432 1102 554 1179 praebet
575 1099 680 1162 titulus
700 1103 749 1164 ille
772 1121 949 1179 praenomen
973 1105 1023 1182 tl,
1048 1103 1127 1178 quod
1151 1103 1180 1162 in
1204 1103 1270 1163 aliis
1294 1103 1373 1161 illius

246 1218 437 1278 monumentis
449 1236 598 1293 nunquam
614 1195 805 1278 desideratur.
834 1249 872 1262 -
898 1219 977 1296 Ergo
995 1220 1024 1277 in
1045 1220 1095 1279 illo
1113 1220 1196 1279 titulo
1214 1218 1250 1278 de
1274 1219 1374 1278 Marco

244 1336 418 1410 imperatore
442 1334 565 1410 cogitari
587 1351 645 1393 uon
668 1351 756 1409 posse
779 1335 930 1395 concedes.

345 1448 411 1508 Jam
437 1446 652 1529 Borghesium)
682 1452 798 1526 tempus
829 1448 948 1510 definire
981 1453 1113 1528 conatur,
1148 1466 1206 1524 quo
1236 1447 1375 1506 Neratius

245 1563 293 1623 ille
322 1565 463 1624 Proculus
487 1583 552 1624 cum
576 1560 669 1640 copiis
694 1565 744 1636 „iu
765 1563 880 1641 Syriam
907 1565 944 1624 ad
970 1564 1077 1624 bellum
1096 1565 1283 1623 Parthicum·t
1308 1565 1375 1622 mis-

246 1695 297 1736 sus
320 1679 367 1737 sit.
421 1677 550 1739 Adhibet
576 1679 667 1739 verba
701 1679 874 1759 Capitolini,
906 1680 957 1756 qui
984 1677 1148 1758 affirmati)
1177 1679 1257 1737 illum
1287 1679 1377 1754 paulo

246 1796 313 1852 ante
337 1797 456 1854 mortem
490 1794 546 1865 „de
573 1795 599 1853 is
628 1794 747 1871 regibus
778 1793 884 1871 quibus
915 1794 1098 1854 irascebatur
1128 1793 1255 1853 locutum
1280 1799 1377 1872 esse“,

247 1912 334 1982 atque
363 1903 474 1984 cogitat
503 1909 539 1969 de
569 1909 810 1988 dissensionibus,
846 1927 922 1985 quae
951 1910 982 1968 in
1010 1907 1067 1969 fine
1100 1908 1215 1984 imperii
1238 1907 1378 1967 Antonini

246 2023 291 2081 Pii
318 2023 395 2082 inter·
417 2024 563 2082 Romanos
595 2027 624 2083 et
646 2025 772 2083 Parthos
796 2023 913 2102 fuerint,
945 2022 1021 2083 unde
1048 2022 1106 2082 sub
1135 2041 1211 2082 novo
1234 2022 1378 2100 principe,

249 2141 371 2196 exeunte
391 2157 409 2197 a
431 2141 493 2198 161
516 2139 565 2200 vel
588 2141 705 2198 ineunte
731 2140 804 2216 162,
829 2138 936 2197 bellum
955 2142 1048 2196 ortum
1073 2139 1119 2197 sit.
1154 2136 1379 2216 ltaquecenset,

248 2252 399 2312 Neratium
431 2255 595 2335 Proculum,
624 2258 655 2313 ut
685 2255 812 2313 hostium
842 2254 982 2328 impetum
1011 2252 1169 2311 instantem
1199 2249 1378 2330 defenderet,

248 2367 284 2426 ab
308 2367 455 2428 Antonino
477 2371 529 2428 Pio
553 2388 618 2428 cum
642 2370 733 2445 copiis
756 2369 793 2428 ad
816 2369 935 2428 limitem
959 2367 1073 2442 imperii
1094 2383 1160 2426 esse
1182 2367 1311 2428 missum.
1336 2399 1378 2408 —-

248 2480 324 2543 Sane
347 2484 420 2542 haec
436 2485 593 2560 explicatio
615 2486 658 2545 rei
681 2485 766 2560 quasi
790 2485 977 2559 inpromptu
1001 2482 1082 2556 esti)
1119 2481 1157 2541 At
1180 2481 1379 2557 monetBor·g-

245 2599 354 2677 hosius,
378 2599 537 2658 secundum
550 2601 665 2678 titulum
680 2600 774 2674 primo
788 2597 940 2657 Neratium
960 2616 1024 2656 eum
1038 2596 1176 2656 militibus
1193 2596 1223 2654 in
1239 2595 1379 2655 orientem

246 2711 353 2790 abisse,
367 2716 428 2772 tum
439 2714 560 2772 Romam
577 2713 699 2791 redisse,
712 2717 744 2771 ut
756 2709 958 2787 praefecturae
976 2713 1081 2772 aerarii
1094 2714 1292 2788 praeesset-
1304 2726 1380 2784 quae

247 2845 316 2886 cura
346 2845 399 2902 per·
430 2828 503 2888 duos
533 2845 625 2887 anuos
657 2827 819 2886 continuari
852 2826 965 2887 solebat
989 2861 1041 2905 --‚
1070 2828 1196 2902 denique
1227 2824 1375 2885 consulem

247 2943 412 3020 exstitisse,
437 2943 556 3000 missum
579 2943 668 3019 igitur
691 2959 755 3001 esse
767 2941 921 3002 Neratium
943 2943 974 2999 in
986 2942 1102 3018 Syrium
1126 2945 1252 3018 quatuor
1276 2939 1379 2998 saltem

247 3057 332 3115 annis
371 3063 526 3133 antequam
556 3057 738 3133 Vologaesus
770 3057 877 3123 bellum
915 3075 978 3115 eum
1014 3057 1152 3116 Romanis
1179 3055 1382 3116 committeret.

249 3170 314 3242 Qua
338 3191 370 3232 re
393 3176 552 3232 commotus
575 3173 691 3232 titulum
714 3172 750 3232 de
774 3191 832 3247 quo
856 3173 953 3248 agitur
976 3170 1014 3229 ad
1038 3171 1214 3248 singularem
1238 3168 1381 3244 quendam

248 3305 346 3346 casum
370 3286 438 3346 belli
463 3288 594 3347 Parthici
617 3287 701 3347 uobis
725 3289 796 3347 haut
819 3288 891 3346 satis
914 3289 1015 3346 notum
1033 3283 1130 3364 refert,
1155 3287 1319 3358 testemque
1332 3281 1382 3341 ad-

355 3467 385 3535 1)
404 3466 487 3521 Orell.
514 3468 599 3522 3771:
629 3466 686 3520 vid.
718 3465 788 3519 infra
816 3465 871 3518 Tit.
891 3482 917 3518 n.
937 3467 970 3529 83
1001 3465 1070 3519 Mur.
1093 3465 1154 3532 455,
1184 3466 1200 3517 2
1223 3460 1382 3532 (Arimini):

251 3554 334 3621 „Pius
347 3552 502 3622 Augustus
521 3553 676 3609 Germanic.
696 3571 724 3622 p.
743 3557 787 3621 p.“
808 3554 844 3620 (a.
864 3554 939 3620 174t3
959 3553 989 3607 C.
1000 3553 1026 3606 J.
1045 3555 1076 3606 L.
1095 3552 1223 3606 1125531
1243 3549 1299 3603 rid.
1312 3549 1384 3604 inira

249 3644 343 3697 Titn.
362 3647 386 3698 9.
413 3675 446 3682 —
470 3643 539 3697 Cum
558 3642 648 3696 Divus
668 3647 754 3710 esset,
775 3642 887 3710 saepius
906 3641 989 3695 Pius
1013 3639 1169 3709 appellatur
1191 3639 1314 3692 Marcus:
1352 3640 1383 3694 C.

248 3733 274 3786 J.
288 3735 319 3786 L.
333 3733 360 3785 ΙΙ
375 3732 457 3799 134ος
476 3731 592 3785 Henueu
612 3732 697 3799 54733
716 3732 786 3786 5486
800 3735 867 3798 etc.;
887 3731 918 3786 O.
931 3731 957 3785 J.
976 3732 1008 3783 L.
1027 3730 1055 3782 II
1075 3729 1145 3784 2554
1166 3726 1382 3796 (11851011-

248 3825 330 3874 natur
341 3819 417 3888 Pius,
436 3819 487 3874 sed
502 3818 568 3872 Diri
586 3819 738 3887 appellatio
758 3819 942 3873 desideratur.
954 3818 1028 3870 -In
1046 3815 1136 3869 numis
1154 3815 1258 3884 legitur
1278 3815 1383 3883 „Divus

248 3909 283 3961 Μ.
296 3907 458 3963 Antoninus
472 3907 569 3960 Pius“:
597 3906 693 3961 Cohen
710 3908 746 3975 ll,
764 3905 929 3975 M.·Aurele,
948 3923 974 3959 n.
994 3905 1107 3960 25—34.
1126 3903 1278 3960 431-440.
1297 3935 1331 3943 —
1350 3906 1382 3957 L.

248 3993 340 4051 Verus
358 4010 495 4064 nusquam
507 3994 575 4048 Pius
594 3995 758 4064 appellatur.

355 4084 384 4151 2)
402 4083 419 4136 1.
440 4100 464 4136 c.

356 4174 384 4239 3)
403 4171 452 4225 vit.
472 4169 609 4225 Antonini
628 4171 669 4225 Pii
690 4171 732 4237 12,
746 4170 770 4225 7.

216 4316 220 4324 „
355 4261 384 4328 4)
402 4260 480 4315 Idem
499 4260 657 4329 suspicatur
670 4259 786 4314 Noe'lius
806 4258 840 4312 de
860 4258 996 4326 vergere,
1015 4256 1095 4310 Essai
1107 4255 1163 4309 sur
1180 4253 1382 4324 blare-Aurele,

248 4349 326 4403 Paris
346 4350 423 4418 1860,
442 4365 469 4418 p.
488 4352 530 4405 32.
569 4348 624 4404 Sed
643 4348 739 4402 laudat
758 4347 845 4402 verba
864 4345 938 4400 vitae
958 4348 1073 4413 tautum,
1098 4343 1305 4412 inscriptionem
1325 4359 1382 4397 uon

248 4437 334 4492 novit.
