3280 5190
783 560 817 646 u

214 752 303 828 teste
329 750 492 846 Capitolino
503 760 526 851 1)
548 763 707 846 praecipue
719 763 816 830 meriti
828 773 897 832 sunt
911 761 951 831 M.
965 758 1076 832 Statius
1085 758 1216 852 Priscus,
1239 747 1364 832 brittus

214 879 361 964 Cassius,
383 884 417 943 P.
440 885 564 944 Martius
586 883 692 945 Verus.
738 885 784 946 De
806 885 853 946 his
864 881 955 962 igitur
976 904 1054 947 nunc
1070 886 1210 964 deinceps
1231 904 1364 964 agamus.

546 1031 578 1117 2)
601 1035 653 1097 De
675 1035 716 1096 Μ.
740 1033 865 1097 Statio
887 1037 1032 1098 Prisco.

333 1175 456 1236 Plenum
478 1175 621 1236 honorum
644 1194 761 1237 cursum
790 1178 831 1237 M.
861 1173 947 1238 Statii
975 1178 1069 1238 Prisci
1098 1177 1192 1240 habes
1220 1176 1251 1237 in
1279 1177 1365 1238 titulo

217 1289 357 1364 quodam
395 1289 483 1351 Urbis
521 1289 676 1373 Romael).
732 1291 818 1352 Unde
856 1292 966 1368 accipis
1009 1293 1067 1352 iam
1115 1292 1194 1353 bello
1223 1291 1367 1352 Hadriani

150 1426 153 1430 ·
216 1403 350 1465 Iudaico
372 1405 454 1467 illum
478 1401 654 1468 interfuisse.
685 1405 794 1467 Consul
804 1405 860 1466 fuit
870 1400 1036 1466 ordinarius
1059 1425 1086 1466 a.
1109 1425 1140 1482 p.
1164 1405 1233 1468 Chr.
1258 1403 1367 1486 159³).

216 1518 354 1580 Paulnlo
377 1524 454 1599 post,
479 1519 531 1581 sed
559 1522 612 1581 Pio
635 1521 784 1582 etiamtum
806 1522 992 1602 imperatore,
1015 1520 1185 1582 Britanniae
1199 1522 1369 1598 provinciae

220 1631 379 1696 consulari
401 1635 565 1712 praefuisse
589 1655 654 1696 eum
677 1641 818 1717 apparet3
841 1655 909 1697 nam
938 1637 967 1696 in
997 1635 1084 1697 titulo
1107 1637 1158 1696 illo
1181 1636 1293 1698 urbano
1315 1655 1367 1712 ap·

221 1749 360 1825 pellatur
384 1750 463 1827 „leg.
477 1750 582 1827 Aug.⁴)
604 1769 650 1828 pr.
663 1770 710 1828 pr.
723 1739 809 1827 prov.
834 1751 1037 1832 Britanniae“,
1061 1771 1121 1811 non
1145 1752 1223 1830 „leg.
1247 1752 1366 1830 Augg.“

222 1864 289 1926 Sed
324 1864 415 1942 legati
444 1866 644 1944 Augustorum
681 1864 778 1927 officio
807 1866 1023 1928 administravit
1052 1865 1280 1948 Cappadociam,
1310 1885 1369 1944 quo

223 1977 311 2041 bello
332 1980 471 2041 ParthIco
494 1981 663 2042 imminente
685 2001 704 2041 a
726 1982 766 2040 M.
791 1981 911 2042 Aurelio
937 1982 1088 2044 Antonino
1122 1983 1229 2043 missus
1252 1978 1370 2043 videtur

224 2111 308 2155 esse.
333 2094 432 2171 Atque
447 2096 603 2156 Britannia
618 2096 743 2157 cessisse
761 2114 826 2157 eum
842 2095 1003 2174 Calpurnio
1020 2098 1178 2175 Agricolae
1191 2101 1315 2175 apparet
1332 2115 1370 2158 ex

225 2209 297 2271 loco
330 2210 459 2287 quodam
489 2209 696 2287 Capitolinil).
743 2192 789 2272 De
810 2210 857 2272 his
895 2211 983 2272 rebus
1013 2212 1206 2288 probabiliter
1241 2213 1370 2273 locutum

227 2342 299 2386 esse
324 2342 429 2385 censeo
452 2325 589 2386 Notlium
605 2325 641 2388 de
658 2323 831 2409 Vergersss).
856 2326 1002 2387 Admonet
1025 2326 1062 2388 de
1078 2327 1176 2388 verbis
1195 2325 1370 2404 quibusdam

228 2457 270 2499 cx
292 2439 388 2499 Dione
410 2438 512 2501 Cassio
534 2439 716 2518 depromptis
740 2460 818 2502 nunc
841 2442 871 2501 iu
886 2444 1017 2518 exerptis
1034 2441 1219 2504 Constantini
1234 2441 1368 2519 Porphy-

227 2555 392 2630 rogenetse
415 2555 591 2634 conspicuis,
616 2573 653 2616 ex
675 2555 782 2632 quibus
797 2557 930 2617 Priscum
953 2557 992 2617 ab
1016 2557 1145 2618 exercitu
1169 2558 1198 2617 in
1215 2556 1371 2617 Britannia

229 2668 378 2730 militante
401 2667 610 2746 Imperatorem
633 2687 699 2732 esse
721 2671 912 2752 appellatum,
936 2672 989 2733 sed
1011 2673 1108 2749 ipsum
1137 2689 1291 2733 recusasse
1325 2665 1368 2732 di-
1424 2705 1425 2708 κ

343 2823 370 2891 1)
389 2821 446 2876 Vit.
465 2822 534 2878 Veri
551 2839 576 2877 c.
596 2825 620 2892 7,
641 2825 665 2878 1.

343 2911 371 2979 2)
391 2910 422 2966 C.
435 2911 462 2965 J.
474 2913 506 2965 L.
519 2911 562 2965 v1
575 2913 644 2968 1523
662 2936 694 2960 =
709 2913 824 2968 Hermen
837 2914 909 2971 5480
927 2937 960 2960 =
980 2911 1084 2967 Gruter
1100 2913 1162 2982 493,
1182 2913 1206 2966 1.
1224 2941 1258 2952 —
1273 2910 1369 2966 Verba

231 2997 309 3054 tituli
326 2999 383 3053 vid.
401 2998 464 3054 infr.
482 2999 538 3054 Tit.
557 3017 583 3054 u.
602 3002 646 3057 41.

343 3090 373 3158 3)
391 3088 480 3143 Prisci
491 3089 665 3144 consulatum
682 3095 879 3146 commemorat
902 3091 1000 3145 titulus
1012 3091 1095 3146 Croll.
1116 3092 1195 3159 3062,
1205 3087 1322 3144 Auximi
1329 3088 1369 3158 (in

234 3177 354 3247 Piceno)
382 3183 527 3246 repertos3
558 3179 696 3248 collegam
714 3178 838 3234 habebat
855 3178 994 3233 Plautium
1013 3177 1175 3244 Quintilium
1194 3193 1252 3232 cos.
1276 3178 1313 3232 II.
1335 3207 1369 3217 -

235 3263 366 3320 Proxime
385 3271 449 3321 ante
473 3267 647 3321 consulatum
665 3267 792 3322 Priscum
809 3267 933 3336 legatum
957 3267 1045 3321 fuisse
1064 3266 1213 3320 Daciarum
1233 3281 1267 3320 ex
1286 3265 1369 3320 titulo

237 3354 342 3408 Dacico
362 3355 393 3410 C.
405 3355 432 3410 J.
445 3358 476 3410 L.
490 3356 533 3410 III
545 3358 614 3412 1061
634 3357 679 3424 (=
687 3355 772 3410 Orelli
784 3357 863 3424 2121,
882 3371 941 3424 rep.
961 3354 1056 3410 Albae
1068 3354 1172 3422 Juliue)
1193 3353 1322 3420 efficitur,
1341 3354 1370 3407 in

238 3459 294 3511 qno
312 3441 358 3498 ille
379 3460 453 3510 ,cos
474 3444 600 3514 dosign.“
627 3445 791 3514 appellatur.
827 3444 912 3500 Alios
939 3444 1037 3498 titulos
1061 3444 1191 3511 Dacians,
1215 3443 1244 3496 in
1269 3442 1371 3511 quibus

237 3531 273 3586 ll.
293 3529 431 3586 Statius
448 3533 596 3588 Priscus
614 3534 680 3604 leg.
698 3530 787 3602 Aug.
807 3549 854 3602 pr.
874 3548 920 3600 pr.
941 3538 984 3587 est
1002 3532 1179 3599 conspicuus,
1199 3529 1287 3586 habes
1300 3530 1330 3586 C.
1344 3531 1371 3585 J.
1397 3539 1399 3542 “

238 3622 270 3674 L.
287 3619 407 3688 111940‚
434 3622 502 3677 1299
521 3624 567 3690 (=
580 3623 697 3678 Hennen
713 3623 805 3690 5481),
825 3621 901 3689 1416,
920 3619 991 3687 Eph.
1011 3620 1099 3688 epigr.
1118 3619 1159 3673 IV
1179 3619 1272 3687 (1879)
1292 3636 1318 3687 p.
1337 3622 1370 3676 71

239 3711 277 3778 (n.
296 3710 368 3777 176).
400 3709 456 3764 Cir.
476 3709 558 3764 etiam
576 3711 707 3778 Diploma
725 3711 776 3764 XL
796 3710 838 3778 (C.
857 3710 882 3763 J.
901 3709 988 3762 LIII
1008 3711 1031 3775 2,
1049 3725 1076 3776 p.
1090 3707 1142 3762 882
1156 3729 1188 3752 =
1202 3707 1317 3762 Heuzcn
1330 3708 1373 3762 111

237 3813 264 3866 p.
278 3799 330 3854 376
344 3799 378 3865 s.)
398 3799 648 3868 annotationesquo
667 3798 829 3852 Mommseni
848 3804 877 3851 et
895 3797 1028 3851 Henneni.

346 3886 376 3953 4)
394 3885 472 3940 llaec
491 3892 534 3940 est
551 3886 636 3941 lectio
655 3885 811 3955 Borghesii.
831 3916 864 3924 —
883 3885 1033 3939 chuenns
1052 3884 1186 3938 restitnit:
1216 3882 1372 3952 „Aug(g).“

345 3978 373 4044 5)
393 3975 483 4044 Capit.
502 3976 585 4030 Marc.
605 3992 628 4030 c.
648 3979 673 4042 8,
692 3977 722 4030 7;
752 3974 929 4042 „imminebat
947 3973 1029 4028 etiam
1049 3974 1232 4028 Brittanicum
1250 3972 1370 4026 bellum“

239 4065 309 4135 (scil.
328 4065 486 4118 imminente
505 4063 580 4118 bello
599 4064 741 4131 Parthico)
762 4070 790 4118 et
803 4063 860 4132 88:
881 4069 927 4129 „et
945 4063 1080 4116 adversus
1100 4061 1242 4116 Brittanos
1261 4061 1373 4130 quidem

239 4155 405 4223 Calpurnius
424 4152 563 4222 Agricola
581 4155 681 4208 missus
700 4157 770 4208 est“.
783 4183 818 4191 —-
831 4152 941 4206 Titulos
960 4151 996 4204 ad
1017 4151 1195 4219 Calpurnium
1208 4149 1373 4218 Agricolam

237 4244 293 4313 leg.
306 4242 383 4312 Aug.
398 4259 439 4311 pr.
453 4258 495 4311 pr.
510 4259 590 4310 prov.
603 4243 763 4298 Britanniae
782 4246 945 4310 spectantes
957 4240 1059 4295 habes:
1079 4241 1109 4295 O.
1121 4241 1150 4295 J.
1162 4241 1194 4294 L.
1207 4239 1264 4293 VII
1276 4256 1302 4293 n.
1313 4240 1373 4295 225.

239 4333 306 4400 7583
325 4329 375 4384 cfr.
394 4347 420 4383 n.
437 4331 497 4386 773.
511 4332 572 4385 774.

346 4420 374 4487 6)
392 4417 473 4472 Essai
493 4435 519 4487 p.
539 4421 573 4474 28
592 4433 652 4490 sqq.
738 4500 740 4506 Ι
759 4415 760 4420 ’
1197 4487 1216 4547 4
