<?xml version="1.0" encoding="UTF-8"?>
<!DOCTYPE html PUBLIC "-//W3C//DTD XHTML 1.0 Transitional//EN"
    "http://www.w3.org/TR/xhtml1/DTD/xhtml1-transitional.dtd">
<html xmlns="http://www.w3.org/1999/xhtml" xml:lang="en" lang="en">
 <head>
  <title>
</title>
<meta http-equiv="Content-Type" content="text/html;charset=utf-8" />
  <meta name='ocr-system' content='tesseract 3.04.00' />
  <meta name='ocr-capabilities' content='ocr_page ocr_carea ocr_par ocr_line ocrx_word'/>
</head>
<body>
  <div class='ocr_page' id='page_1' title='image "./derebvsimperato00nappgoog_0015.png"; bbox 0 0 3280 5190; ppageno 0'>
   <div class='ocr_carea' id='block_1_1' title="bbox 839 509 857 571">
    <p class='ocr_par' dir='ltr' id='par_1_1' title="bbox 839 509 857 571">
     <span class='ocr_line' id='line_1_1' title="bbox 839 509 857 571; baseline 0 0"><span class='ocrx_word' id='word_1_1' title='bbox 839 509 857 571; x_wconf 76' lang='grc'><strong>8</strong></span> 
     </span>
    </p>
   </div>
   <div class='ocr_carea' id='block_1_2' title="bbox 277 687 1412 1007">
    <p class='ocr_par' dir='ltr' id='par_1_2' title="bbox 277 687 1412 1007">
     <span class='ocr_line' id='line_1_2' title="bbox 279 687 1412 780; baseline 0.005 -27"><span class='ocrx_word' id='word_1_2' title='bbox 279 690 476 771; x_wconf 89' lang='lat' dir='ltr'>triumphator</span> <span class='ocrx_word' id='word_1_3' title='bbox 497 691 607 756; x_wconf 79' lang='lat' dir='ltr'>rediret</span> <span class='ocrx_word' id='word_1_4' title='bbox 628 689 657 754; x_wconf 84' lang='lat' dir='ltr'>ei</span> <span class='ocrx_word' id='word_1_5' title='bbox 680 696 810 772; x_wconf 89' lang='lat' dir='ltr'>contigit.</span> <span class='ocrx_word' id='word_1_6' title='bbox 846 697 962 756; x_wconf 81' lang='lat' dir='ltr'><strong>Etenim</strong></span> <span class='ocrx_word' id='word_1_7' title='bbox 986 716 1050 756; x_wconf 92' lang='lat' dir='ltr'>cum</span> <span class='ocrx_word' id='word_1_8' title='bbox 1077 699 1107 757; x_wconf 90' lang='lat' dir='ltr'>in</span> <span class='ocrx_word' id='word_1_9' title='bbox 1123 699 1218 777; x_wconf 90' lang='lat' dir='ltr'>reditu</span> <span class='ocrx_word' id='word_1_10' title='bbox 1231 697 1253 780; x_wconf 67' lang='grc' dir='ltr'>ί)</span> <span class='ocrx_word' id='word_1_11' title='bbox 1276 687 1412 780; x_wconf 79' lang='lat' dir='ltr'>dtrenos,</span> 
     </span>
     <span class='ocr_line' id='line_1_3' title="bbox 278 810 1412 896; baseline 0.005 -28"><span class='ocrx_word' id='word_1_12' title='bbox 278 814 394 885; x_wconf 78' lang='lat' dir='ltr'><strong>gentem</strong></span> <span class='ocrx_word' id='word_1_13' title='bbox 432 811 660 886; x_wconf 80' lang='lat' dir='ltr'><strong>Mesopotamiae</strong></span> <span class='ocrx_word' id='word_1_14' title='bbox 696 810 854 891; x_wconf 85' lang='lat' dir='ltr'>inferioris,</span> <span class='ocrx_word' id='word_1_15' title='bbox 889 814 1016 872; x_wconf 88' lang='lat' dir='ltr'>nationis</span> <span class='ocrx_word' id='word_1_16' title='bbox 1048 813 1202 894; x_wconf 86' lang='lat' dir='ltr'>Arabicae,</span> <span class='ocrx_word' id='word_1_17' title='bbox 1212 813 1236 896; x_wconf 76' lang='lat'>²)</span> <span class='ocrx_word' id='word_1_18' title='bbox 1270 819 1340 874; x_wconf 91' lang='lat' dir='ltr'>tunc</span> <span class='ocrx_word' id='word_1_19' title='bbox 1368 833 1412 874; x_wconf 91' lang='lat' dir='ltr'>re-</span> 
     </span>
     <span class='ocr_line' id='line_1_4' title="bbox 277 925 1411 1007; baseline 0.004 -24"><span class='ocrx_word' id='word_1_20' title='bbox 277 925 435 986; x_wconf 80' lang='lat' dir='ltr'>bellantem</span> <span class='ocrx_word' id='word_1_21' title='bbox 458 925 595 1002; x_wconf 82' lang='lat' dir='ltr'>subigere</span> <span class='ocrx_word' id='word_1_22' title='bbox 619 931 783 1005; x_wconf 88' lang='lat' dir='ltr'>conaretur,</span> <span class='ocrx_word' id='word_1_23' title='bbox 814 928 888 986; x_wconf 82' lang='lat' dir='ltr'>nihil</span> <span class='ocrx_word' id='word_1_24' title='bbox 912 929 1008 988; x_wconf 86' lang='lat' dir='ltr'>effecit</span> <span class='ocrx_word' id='word_1_25' title='bbox 1038 933 1127 1004; x_wconf 91' lang='lat' dir='ltr'>atque</span> <span class='ocrx_word' id='word_1_26' title='bbox 1150 931 1311 1006; x_wconf 88' lang='lat' dir='ltr'>aegerrime</span> <span class='ocrx_word' id='word_1_27' title='bbox 1334 929 1411 1007; x_wconf 91' lang='lat' dir='ltr'>tulit,</span> 
     </span>
    </p>
   </div>
   <div class='ocr_carea' id='block_1_3' title="bbox 178 1040 1413 1121">
    <p class='ocr_par' dir='ltr' id='par_1_3' title="bbox 178 1040 1413 1121">
     <span class='ocr_line' id='line_1_5' title="bbox 178 1040 1413 1121; baseline 0.001 -21"><span class='ocrx_word' id='word_1_28' title='bbox 178 1109 181 1116; x_wconf 43' lang='grc'><strong>,</strong></span> <span class='ocrx_word' id='word_1_29' title='bbox 278 1041 357 1116; x_wconf 90' lang='lat' dir='ltr'>quod</span> <span class='ocrx_word' id='word_1_30' title='bbox 381 1040 532 1102; x_wconf 90' lang='lat' dir='ltr'>obsidione</span> <span class='ocrx_word' id='word_1_31' title='bbox 545 1041 644 1119; x_wconf 83' lang='lat' dir='ltr'>Atrae,</span> <span class='ocrx_word' id='word_1_32' title='bbox 669 1042 775 1118; x_wconf 92' lang='lat' dir='ltr'>capitis</span> <span class='ocrx_word' id='word_1_33' title='bbox 799 1043 924 1121; x_wconf 88' lang='lat' dir='ltr'>illorum,</span> <span class='ocrx_word' id='word_1_34' title='bbox 950 1043 1091 1103; x_wconf 82' lang='lat' dir='ltr'>desistere</span> <span class='ocrx_word' id='word_1_35' title='bbox 1116 1049 1278 1121; x_wconf 88' lang='lat' dir='ltr'>cogeretur.</span> <span class='ocrx_word' id='word_1_36' title='bbox 1288 1040 1312 1117; x_wconf 79' lang='grc'>3)</span> <span class='ocrx_word' id='word_1_37' title='bbox 1347 1043 1413 1101; x_wconf 89' lang='lat' dir='ltr'>Huc</span> 
     </span>
    </p>
   </div>
   <div class='ocr_carea' id='block_1_4' title="bbox 275 1156 1413 2388">
    <p class='ocr_par' dir='ltr' id='par_1_4' title="bbox 277 1156 1413 1582">
     <span class='ocr_line' id='line_1_6' title="bbox 278 1156 1411 1237; baseline 0.001 -23"><span class='ocrx_word' id='word_1_38' title='bbox 278 1156 400 1235; x_wconf 87' lang='lat' dir='ltr'>aceedit,</span> <span class='ocrx_word' id='word_1_39' title='bbox 424 1156 504 1231; x_wconf 90' lang='lat' dir='ltr'>quod</span> <span class='ocrx_word' id='word_1_40' title='bbox 514 1156 691 1217; x_wconf 78' lang='lat' dir='ltr'>ludaeorum</span> <span class='ocrx_word' id='word_1_41' title='bbox 704 1176 758 1234; x_wconf 90' lang='lat' dir='ltr'>per</span> <span class='ocrx_word' id='word_1_42' title='bbox 771 1158 980 1235; x_wconf 80' lang='lat' dir='ltr'>Palaestinam,</span> <span class='ocrx_word' id='word_1_43' title='bbox 997 1160 1249 1237; x_wconf 83' lang='lat' dir='ltr'>Mesopotamiam,</span> <span class='ocrx_word' id='word_1_44' title='bbox 1272 1157 1411 1237; x_wconf 79' lang='lat' dir='ltr'>Cyprum,</span> 
     </span>
     <span class='ocr_line' id='line_1_7' title="bbox 278 1269 1413 1352; baseline 0 -22"><span class='ocrx_word' id='word_1_45' title='bbox 278 1271 457 1349; x_wconf 81' lang='lat' dir='ltr'>Aegyptum,</span> <span class='ocrx_word' id='word_1_46' title='bbox 493 1270 626 1347; x_wconf 75' lang='lat' dir='ltr'>Cyrenen</span> <span class='ocrx_word' id='word_1_47' title='bbox 656 1271 828 1332; x_wconf 90' lang='lat' dir='ltr'>seditionem</span> <span class='ocrx_word' id='word_1_48' title='bbox 838 1269 862 1352; x_wconf 76' lang='lat'>⁴)</span> <span class='ocrx_word' id='word_1_49' title='bbox 894 1273 993 1331; x_wconf 89' lang='lat' dir='ltr'>multis</span> <span class='ocrx_word' id='word_1_50' title='bbox 1022 1274 1142 1348; x_wconf 90' lang='lat' dir='ltr'>proeliis</span> <span class='ocrx_word' id='word_1_51' title='bbox 1173 1274 1333 1333; x_wconf 90' lang='lat' dir='ltr'>commissis</span> <span class='ocrx_word' id='word_1_52' title='bbox 1363 1275 1413 1330; x_wconf 84' lang='lat' dir='ltr'>vix</span> 
     </span>
     <span class='ocr_line' id='line_1_8' title="bbox 278 1387 1411 1465; baseline 0 -18"><span class='ocrx_word' id='word_1_53' title='bbox 278 1388 398 1447; x_wconf 90' lang='lat' dir='ltr'>domuit.</span> <span class='ocrx_word' id='word_1_54' title='bbox 444 1387 498 1446; x_wconf 89' lang='lat' dir='ltr'>llis</span> <span class='ocrx_word' id='word_1_55' title='bbox 529 1389 657 1462; x_wconf 79' lang='lat' dir='ltr'>peractis</span> <span class='ocrx_word' id='word_1_56' title='bbox 688 1405 752 1446; x_wconf 91' lang='lat' dir='ltr'>oum</span> <span class='ocrx_word' id='word_1_57' title='bbox 780 1389 874 1448; x_wconf 89' lang='lat' dir='ltr'>denuo</span> <span class='ocrx_word' id='word_1_58' title='bbox 905 1388 1011 1448; x_wconf 89' lang='lat' dir='ltr'>bellum</span> <span class='ocrx_word' id='word_1_59' title='bbox 1036 1390 1066 1447; x_wconf 90' lang='lat' dir='ltr'>in</span> <span class='ocrx_word' id='word_1_60' title='bbox 1098 1391 1337 1465; x_wconf 85' lang='lat' dir='ltr'>Mesopotamiam</span> <span class='ocrx_word' id='word_1_61' title='bbox 1361 1407 1411 1464; x_wconf 88' lang='lat' dir='ltr'>pa-</span> 
     </span>
     <span class='ocr_line' id='line_1_9' title="bbox 277 1499 1366 1582; baseline -0.002 -21"><span class='ocrx_word' id='word_1_62' title='bbox 277 1503 398 1580; x_wconf 81' lang='lat' dir='ltr'>raret,⁵)</span> <span class='ocrx_word' id='word_1_63' title='bbox 421 1502 503 1561; x_wconf 88' lang='lat' dir='ltr'>initio</span> <span class='ocrx_word' id='word_1_64' title='bbox 526 1503 637 1562; x_wconf 90' lang='lat' dir='ltr'>mensio</span> <span class='ocrx_word' id='word_1_65' title='bbox 662 1502 788 1579; x_wconf 84' lang='lat' dir='ltr'>Augusti</span> <span class='ocrx_word' id='word_1_66' title='bbox 811 1523 838 1562; x_wconf 91' lang='lat' dir='ltr'>a.</span> <span class='ocrx_word' id='word_1_67' title='bbox 865 1506 927 1562; x_wconf 84' lang='grc'>117</span> <span class='ocrx_word' id='word_1_68' title='bbox 954 1502 1105 1582; x_wconf 74' lang='lat' dir='ltr'>Selinunte</span> <span class='ocrx_word' id='word_1_69' title='bbox 1127 1499 1288 1563; x_wconf 80' lang='lat' dir='ltr'>exstinctus</span> <span class='ocrx_word' id='word_1_70' title='bbox 1313 1505 1366 1561; x_wconf 88' lang='lat' dir='ltr'>cst.</span> 
     </span>
    </p>

    <p class='ocr_par' dir='ltr' id='par_1_5' title="bbox 275 1616 1411 2160">
     <span class='ocr_line' id='line_1_10' title="bbox 378 1616 1410 1694; baseline -0.001 -19"><span class='ocrx_word' id='word_1_71' title='bbox 378 1617 398 1692; x_wconf 64' lang='grc' dir='ltr'>ξ</span> <span class='ocrx_word' id='word_1_72' title='bbox 424 1620 453 1676; x_wconf 83' lang='grc'>2.</span> <span class='ocrx_word' id='word_1_73' title='bbox 492 1617 639 1679; x_wconf 85' lang='lat' dir='ltr'>Successit</span> <span class='ocrx_word' id='word_1_74' title='bbox 662 1620 695 1681; x_wconf 93' lang='lat' dir='ltr'>P.</span> <span class='ocrx_word' id='word_1_75' title='bbox 720 1618 822 1678; x_wconf 83' lang='lat' dir='ltr'>Aelius</span> <span class='ocrx_word' id='word_1_76' title='bbox 847 1619 1018 1678; x_wconf 87' lang='lat' dir='ltr'>Hadrianus</span> <span class='ocrx_word' id='word_1_77' title='bbox 1042 1618 1194 1694; x_wconf 90' lang='lat' dir='ltr'>patruelis.</span> <span class='ocrx_word' id='word_1_78' title='bbox 1234 1616 1290 1688; x_wconf 75' lang='lat' dir='ltr'>Qui</span> <span class='ocrx_word' id='word_1_79' title='bbox 1310 1635 1410 1692; x_wconf 87' lang='lat' dir='ltr'>quam-</span> 
     </span>
     <span class='ocr_line' id='line_1_11' title="bbox 275 1732 1410 1814; baseline 0.001 -24"><span class='ocrx_word' id='word_1_80' title='bbox 275 1750 364 1806; x_wconf 89' lang='lat' dir='ltr'>quam</span> <span class='ocrx_word' id='word_1_81' title='bbox 387 1754 405 1790; x_wconf 88' lang='lat' dir='ltr'>a</span> <span class='ocrx_word' id='word_1_82' title='bbox 425 1732 554 1792; x_wconf 83' lang='lat' dir='ltr'>Traiano</span> <span class='ocrx_word' id='word_1_83' title='bbox 578 1753 637 1792; x_wconf 90' lang='lat' dir='ltr'>non</span> <span class='ocrx_word' id='word_1_84' title='bbox 661 1738 724 1794; x_wconf 88' lang='lat' dir='ltr'>erat</span> <span class='ocrx_word' id='word_1_85' title='bbox 747 1736 823 1794; x_wconf 90' lang='lat' dir='ltr'>iuste</span> <span class='ocrx_word' id='word_1_86' title='bbox 845 1733 1049 1814; x_wconf 71' lang='lat' dir='ltr'>adoptatus,⁰)</span> <span class='ocrx_word' id='word_1_87' title='bbox 1073 1734 1125 1794; x_wconf 89' lang='lat' dir='ltr'>sed</span> <span class='ocrx_word' id='word_1_88' title='bbox 1148 1752 1206 1792; x_wconf 92' lang='lat' dir='ltr'>non</span> <span class='ocrx_word' id='word_1_89' title='bbox 1231 1732 1322 1791; x_wconf 87' lang='lat' dir='ltr'>multo</span> <span class='ocrx_word' id='word_1_90' title='bbox 1344 1735 1410 1792; x_wconf 90' lang='lat' dir='ltr'>ante</span> 
     </span>
     <span class='ocr_line' id='line_1_12' title="bbox 275 1846 1411 1928; baseline -0.001 -22"><span class='ocrx_word' id='word_1_91' title='bbox 275 1847 354 1906; x_wconf 89' lang='lat' dir='ltr'>illius</span> <span class='ocrx_word' id='word_1_92' title='bbox 377 1852 498 1908; x_wconf 86' lang='lat' dir='ltr'>mortem</span> <span class='ocrx_word' id='word_1_93' title='bbox 515 1851 656 1909; x_wconf 84' lang='lat' dir='ltr'>exercitui</span> <span class='ocrx_word' id='word_1_94' title='bbox 667 1853 781 1910; x_wconf 89' lang='lat' dir='ltr'>tantum</span> <span class='ocrx_word' id='word_1_95' title='bbox 799 1851 996 1928; x_wconf 90' lang='lat' dir='ltr'>praepositus,</span> <span class='ocrx_word' id='word_1_96' title='bbox 1020 1853 1128 1927; x_wconf 87' lang='lat' dir='ltr'>tamen,</span> <span class='ocrx_word' id='word_1_97' title='bbox 1151 1849 1309 1923; x_wconf 79' lang='lat' dir='ltr'>praecipue</span> <span class='ocrx_word' id='word_1_98' title='bbox 1333 1846 1411 1922; x_wconf 91' lang='lat' dir='ltr'>quod</span> 
     </span>
     <span class='ocr_line' id='line_1_13' title="bbox 276 1963 1410 2043; baseline -0.002 -21"><span class='ocrx_word' id='word_1_99' title='bbox 276 1964 303 2022; x_wconf 93' lang='lat' dir='ltr'>ei</span> <span class='ocrx_word' id='word_1_100' title='bbox 326 1963 442 2022; x_wconf 87' lang='lat' dir='ltr'>Plotina</span> <span class='ocrx_word' id='word_1_101' title='bbox 473 1963 592 2022; x_wconf 85' lang='lat' dir='ltr'>Traiani</span> <span class='ocrx_word' id='word_1_102' title='bbox 616 1983 690 2023; x_wconf 84' lang='lat' dir='ltr'>uxor</span> <span class='ocrx_word' id='word_1_103' title='bbox 720 1963 882 2043; x_wconf 79' lang='lat' dir='ltr'>favebat,⁷)</span> <span class='ocrx_word' id='word_1_104' title='bbox 913 1963 993 2024; x_wconf 88' lang='lat' dir='ltr'>facili</span> <span class='ocrx_word' id='word_1_105' title='bbox 1016 1965 1133 2039; x_wconf 89' lang='lat' dir='ltr'>negotio</span> <span class='ocrx_word' id='word_1_106' title='bbox 1157 1983 1175 2022; x_wconf 89' lang='lat' dir='ltr'>a</span> <span class='ocrx_word' id='word_1_107' title='bbox 1198 1963 1336 2022; x_wconf 89' lang='lat' dir='ltr'>militibus</span> <span class='ocrx_word' id='word_1_108' title='bbox 1360 1965 1410 2021; x_wconf 93' lang='lat' dir='ltr'>im-</span> 
     </span>
     <span class='ocr_line' id='line_1_14' title="bbox 275 2079 694 2160; baseline 0.002 -24"><span class='ocrx_word' id='word_1_109' title='bbox 275 2081 394 2154; x_wconf 86' lang='lat' dir='ltr'>perator</span> <span class='ocrx_word' id='word_1_110' title='bbox 416 2082 460 2136; x_wconf 92' lang='lat' dir='ltr'>est</span> <span class='ocrx_word' id='word_1_111' title='bbox 483 2079 694 2160; x_wconf 79' lang='lat' dir='ltr'>appellatus.⁸)</span> 
     </span>
    </p>

    <p class='ocr_par' dir='ltr' id='par_1_6' title="bbox 275 2189 1408 2388">
     <span class='ocr_line' id='line_1_15' title="bbox 379 2189 1408 2272; baseline 0.001 -21"><span class='ocrx_word' id='word_1_112' title='bbox 379 2191 436 2264; x_wconf 75' lang='lat' dir='ltr'>Qui</span> <span class='ocrx_word' id='word_1_113' title='bbox 449 2211 512 2252; x_wconf 94' lang='lat' dir='ltr'>cum</span> <span class='ocrx_word' id='word_1_114' title='bbox 526 2195 651 2270; x_wconf 91' lang='lat' dir='ltr'>primum</span> <span class='ocrx_word' id='word_1_115' title='bbox 665 2196 810 2270; x_wconf 90' lang='lat' dir='ltr'>imperare</span> <span class='ocrx_word' id='word_1_116' title='bbox 828 2195 934 2272; x_wconf 89' lang='lat' dir='ltr'>coepit,</span> <span class='ocrx_word' id='word_1_117' title='bbox 947 2198 1007 2253; x_wconf 89' lang='lat' dir='ltr'>tres</span> <span class='ocrx_word' id='word_1_118' title='bbox 1024 2189 1090 2272; x_wconf 75' lang='lat' dir='ltr'>illas</span> <span class='ocrx_word' id='word_1_119' title='bbox 1105 2193 1283 2271; x_wconf 89' lang='lat' dir='ltr'>provincias,</span> <span class='ocrx_word' id='word_1_120' title='bbox 1308 2192 1408 2252; x_wconf 76' lang='lat' dir='ltr'>Arme-</span> 
     </span>
     <span class='ocr_line' id='line_1_16' title="bbox 275 2303 1408 2388; baseline 0 -22"><span class='ocrx_word' id='word_1_121' title='bbox 275 2303 353 2366; x_wconf 83' lang='lat' dir='ltr'>niam</span> <span class='ocrx_word' id='word_1_122' title='bbox 363 2308 769 2388; x_wconf 76' lang='lat' dir='ltr'>Mesopotamiamdssyriam,</span> <span class='ocrx_word' id='word_1_123' title='bbox 779 2326 853 2383; x_wconf 88' lang='lat' dir='ltr'>quas</span> <span class='ocrx_word' id='word_1_124' title='bbox 862 2310 1007 2368; x_wconf 88' lang='lat' dir='ltr'>Traianus</span> <span class='ocrx_word' id='word_1_125' title='bbox 1015 2309 1273 2388; x_wconf 57' lang='lat' dir='ltr'>expugnem-atr)</span> <span class='ocrx_word' id='word_1_126' title='bbox 1281 2307 1408 2386; x_wconf 89' lang='lat' dir='ltr'>reliquit,</span> 
     </span>
    </p>
   </div>
   <div class='ocr_carea' id='block_1_5' title="bbox 275 2460 1408 3324">
    <p class='ocr_par' dir='ltr' id='par_1_7' title="bbox 275 2460 1408 2709">
     <span class='ocr_line' id='line_1_17' title="bbox 383 2460 1408 2530; baseline 0 -17"><span class='ocrx_word' id='word_1_127' title='bbox 383 2463 410 2528; x_wconf 91' lang='lat'>1)</span> <span class='ocrx_word' id='word_1_128' title='bbox 429 2461 545 2515; x_wconf 88' lang='lat' dir='ltr'>Praeter</span> <span class='ocrx_word' id='word_1_129' title='bbox 563 2462 714 2529; x_wconf 83' lang='lat' dir='ltr'>scriptores</span> <span class='ocrx_word' id='word_1_130' title='bbox 733 2461 861 2516; x_wconf 88' lang='lat' dir='ltr'>conferas</span> <span class='ocrx_word' id='word_1_131' title='bbox 874 2461 961 2517; x_wconf 90' lang='lat' dir='ltr'>verba</span> <span class='ocrx_word' id='word_1_132' title='bbox 980 2477 1051 2530; x_wconf 89' lang='lat' dir='ltr'>quae</span> <span class='ocrx_word' id='word_1_133' title='bbox 1071 2460 1138 2514; x_wconf 89' lang='lat' dir='ltr'>facit</span> <span class='ocrx_word' id='word_1_134' title='bbox 1149 2462 1255 2515; x_wconf 86' lang='lat' dir='ltr'>Fronto</span> <span class='ocrx_word' id='word_1_135' title='bbox 1273 2463 1302 2515; x_wconf 91' lang='lat' dir='ltr'>in</span> <span class='ocrx_word' id='word_1_136' title='bbox 1314 2461 1408 2516; x_wconf 89' lang='lat' dir='ltr'>libello</span> 
     </span>
     <span class='ocr_line' id='line_1_18' title="bbox 275 2549 1408 2620; baseline 0 -17"><span class='ocrx_word' id='word_1_137' title='bbox 275 2549 355 2603; x_wconf 86' lang='lat' dir='ltr'>cuius</span> <span class='ocrx_word' id='word_1_138' title='bbox 373 2549 470 2602; x_wconf 89' lang='lat' dir='ltr'>titulus</span> <span class='ocrx_word' id='word_1_139' title='bbox 489 2555 532 2603; x_wconf 87' lang='lat' dir='ltr'>est</span> <span class='ocrx_word' id='word_1_140' title='bbox 553 2550 708 2618; x_wconf 89' lang='lat' dir='ltr'>„Principia</span> <span class='ocrx_word' id='word_1_141' title='bbox 726 2550 885 2618; x_wconf 83' lang='lat' dir='ltr'>historiae“,</span> <span class='ocrx_word' id='word_1_142' title='bbox 909 2567 973 2620; x_wconf 85' lang='lat' dir='ltr'>pag.</span> <span class='ocrx_word' id='word_1_143' title='bbox 993 2552 1052 2606; x_wconf 71' lang='lat'>204.</span> <span class='ocrx_word' id='word_1_144' title='bbox 1073 2551 1179 2605; x_wconf 81' lang='lat' dir='ltr'>Nabar:</span> <span class='ocrx_word' id='word_1_145' title='bbox 1205 2551 1354 2619; x_wconf 75' lang='lat' dir='ltr'>„principis</span> <span class='ocrx_word' id='word_1_146' title='bbox 1372 2551 1408 2604; x_wconf 88' lang='lat' dir='ltr'>ad</span> 
     </span>
     <span class='ocr_line' id='line_1_19' title="bbox 275 2636 1396 2709; baseline 0.003 -20"><span class='ocrx_word' id='word_1_147' title='bbox 275 2636 443 2704; x_wconf 90' lang='lat' dir='ltr'>triumphum</span> <span class='ocrx_word' id='word_1_148' title='bbox 462 2638 626 2693; x_wconf 88' lang='lat' dir='ltr'>decedentis</span> <span class='ocrx_word' id='word_1_149' title='bbox 645 2639 859 2709; x_wconf 87' lang='lat' dir='ltr'>haudquaquam</span> <span class='ocrx_word' id='word_1_150' title='bbox 879 2655 978 2693; x_wconf 88' lang='lat' dir='ltr'>secura</span> <span class='ocrx_word' id='word_1_151' title='bbox 996 2655 1049 2693; x_wconf 88' lang='lat' dir='ltr'>nec</span> <span class='ocrx_word' id='word_1_152' title='bbox 1068 2640 1212 2694; x_wconf 87' lang='lat' dir='ltr'>incruenta</span> <span class='ocrx_word' id='word_1_153' title='bbox 1230 2639 1396 2708; x_wconf 81' lang='lat' dir='ltr'>regressio“.</span> 
     </span>
    </p>

    <p class='ocr_par' dir='ltr' id='par_1_8' title="bbox 383 2726 1372 2796">
     <span class='ocr_line' id='line_1_20' title="bbox 383 2726 1372 2796; baseline 0 -16"><span class='ocrx_word' id='word_1_154' title='bbox 383 2728 410 2794; x_wconf 79' lang='lat'>2)</span> <span class='ocrx_word' id='word_1_155' title='bbox 430 2726 479 2780; x_wconf 83' lang='lat' dir='ltr'>cfr.</span> <span class='ocrx_word' id='word_1_156' title='bbox 499 2727 624 2796; x_wconf 90' lang='lat' dir='ltr'>Kiepert,</span> <span class='ocrx_word' id='word_1_157' title='bbox 642 2727 791 2782; x_wconf 89' lang='lat' dir='ltr'>Lehrbueh</span> <span class='ocrx_word' id='word_1_158' title='bbox 811 2727 862 2782; x_wconf 93' lang='lat' dir='ltr'>der</span> <span class='ocrx_word' id='word_1_159' title='bbox 881 2727 954 2780; x_wconf 89' lang='lat' dir='ltr'>alten</span> <span class='ocrx_word' id='word_1_160' title='bbox 974 2727 1161 2796; x_wconf 83' lang='lat' dir='ltr'>Geographie,</span> <span class='ocrx_word' id='word_1_161' title='bbox 1176 2729 1253 2794; x_wconf 84' lang='grc'><strong>1878,</strong></span> <span class='ocrx_word' id='word_1_162' title='bbox 1273 2743 1299 2794; x_wconf 92' lang='lat' dir='ltr'>p.</span> <span class='ocrx_word' id='word_1_163' title='bbox 1314 2728 1372 2782; x_wconf 80' lang='lat'>153.</span> 
     </span>
    </p>

    <p class='ocr_par' dir='ltr' id='par_1_9' title="bbox 382 2817 603 2884">
     <span class='ocr_line' id='line_1_21' title="bbox 382 2817 603 2884; baseline 0 -14"><span class='ocrx_word' id='word_1_164' title='bbox 382 2817 603 2884; x_wconf 57' lang='lat' dir='ltr'>Mffifflffi</span> 
     </span>
    </p>

    <p class='ocr_par' dir='ltr' id='par_1_10' title="bbox 275 2902 1408 3236">
     <span class='ocr_line' id='line_1_22' title="bbox 382 2902 1407 2975; baseline 0.001 -20"><span class='ocrx_word' id='word_1_165' title='bbox 382 2904 410 2971; x_wconf 85' lang='lat'>4)</span> <span class='ocrx_word' id='word_1_166' title='bbox 430 2904 484 2956; x_wconf 89' lang='lat' dir='ltr'>Dio</span> <span class='ocrx_word' id='word_1_167' title='bbox 503 2906 607 2960; x_wconf 80' lang='grc'><strong>68.,32.</strong></span> <span class='ocrx_word' id='word_1_168' title='bbox 626 2904 787 2975; x_wconf 88' lang='lat' dir='ltr'>Hieronym.</span> <span class='ocrx_word' id='word_1_169' title='bbox 807 2906 835 2959; x_wconf 90' lang='lat' dir='ltr'>in</span> <span class='ocrx_word' id='word_1_170' title='bbox 855 2905 958 2959; x_wconf 87' lang='lat' dir='ltr'>Euscb.</span> <span class='ocrx_word' id='word_1_171' title='bbox 983 2903 1078 2958; x_wconf 91' lang='lat' dir='ltr'>chron.</span> <span class='ocrx_word' id='word_1_172' title='bbox 1102 2904 1131 2956; x_wconf 94' lang='lat' dir='ltr'>II</span> <span class='ocrx_word' id='word_1_173' title='bbox 1154 2920 1181 2970; x_wconf 96' lang='lat' dir='ltr'>p.</span> <span class='ocrx_word' id='word_1_174' title='bbox 1202 2904 1253 2958; x_wconf 75' lang='lat'>165</span> <span class='ocrx_word' id='word_1_175' title='bbox 1273 2902 1407 2957; x_wconf 86' lang='lat' dir='ltr'>Schoene.</span> 
     </span>
     <span class='ocr_line' id='line_1_23' title="bbox 275 2991 1408 3062; baseline -0.001 -18"><span class='ocrx_word' id='word_1_176' title='bbox 275 2991 411 3059; x_wconf 68' lang='lat' dir='ltr'>Spaniam,</span> <span class='ocrx_word' id='word_1_177' title='bbox 436 2992 522 3045; x_wconf 89' lang='lat' dir='ltr'>Hadr.</span> <span class='ocrx_word' id='word_1_178' title='bbox 548 3009 571 3046; x_wconf 88' lang='lat' dir='ltr'>c.</span> <span class='ocrx_word' id='word_1_179' title='bbox 596 2995 621 3047; x_wconf 85' lang='lat'>5.</span> <span class='ocrx_word' id='word_1_180' title='bbox 646 2992 725 3046; x_wconf 87' lang='lat' dir='ltr'>Oros.</span> <span class='ocrx_word' id='word_1_181' title='bbox 750 2994 806 3046; x_wconf 94' lang='lat' dir='ltr'>VII</span> <span class='ocrx_word' id='word_1_182' title='bbox 830 2997 872 3062; x_wconf 78' lang='lat'>12,</span> <span class='ocrx_word' id='word_1_183' title='bbox 896 2993 945 3047; x_wconf 92' lang='lat' dir='ltr'>ubi</span> <span class='ocrx_word' id='word_1_184' title='bbox 969 2991 1057 3047; x_wconf 88' lang='lat' dir='ltr'>verba</span> <span class='ocrx_word' id='word_1_185' title='bbox 1081 2996 1203 3045; x_wconf 86' lang='lat' dir='ltr'>exstant:</span> <span class='ocrx_word' id='word_1_186' title='bbox 1236 2991 1408 3056; x_wconf 83' lang='lat' dir='ltr'>„incredibili</span> 
     </span>
     <span class='ocr_line' id='line_1_24' title="bbox 276 3080 1406 3152; baseline -0.001 -19"><span class='ocrx_word' id='word_1_187' title='bbox 276 3080 378 3134; x_wconf 90' lang='lat' dir='ltr'>deinde</span> <span class='ocrx_word' id='word_1_188' title='bbox 403 3085 480 3132; x_wconf 87' lang='lat' dir='ltr'>motu</span> <span class='ocrx_word' id='word_1_189' title='bbox 499 3081 551 3134; x_wconf 92' lang='lat' dir='ltr'>sub</span> <span class='ocrx_word' id='word_1_190' title='bbox 571 3097 627 3134; x_wconf 91' lang='lat' dir='ltr'>uno</span> <span class='ocrx_word' id='word_1_191' title='bbox 646 3087 771 3150; x_wconf 87' lang='lat' dir='ltr'>tempore</span> <span class='ocrx_word' id='word_1_192' title='bbox 790 3083 897 3152; x_wconf 88' lang='lat' dir='ltr'>Iudaei,</span> <span class='ocrx_word' id='word_1_193' title='bbox 917 3082 996 3151; x_wconf 90' lang='lat' dir='ltr'>quasi</span> <span class='ocrx_word' id='word_1_194' title='bbox 1015 3081 1092 3134; x_wconf 87' lang='lat' dir='ltr'>rabie</span> <span class='ocrx_word' id='word_1_195' title='bbox 1112 3080 1229 3148; x_wconf 84' lang='lat' dir='ltr'>efferati,</span> <span class='ocrx_word' id='word_1_196' title='bbox 1248 3097 1298 3147; x_wconf 89' lang='lat' dir='ltr'>per</span> <span class='ocrx_word' id='word_1_197' title='bbox 1317 3081 1406 3134; x_wconf 90' lang='lat' dir='ltr'>diver-</span> 
     </span>
     <span class='ocr_line' id='line_1_25' title="bbox 275 3173 797 3236; baseline 0.008 -16"><span class='ocrx_word' id='word_1_198' title='bbox 275 3182 320 3220; x_wconf 89' lang='lat' dir='ltr'>sas</span> <span class='ocrx_word' id='word_1_199' title='bbox 338 3173 475 3221; x_wconf 84' lang='lat' dir='ltr'>terrarum</span> <span class='ocrx_word' id='word_1_200' title='bbox 494 3175 587 3236; x_wconf 89' lang='lat' dir='ltr'>partes</span> <span class='ocrx_word' id='word_1_201' title='bbox 609 3175 797 3225; x_wconf 83' lang='lat' dir='ltr'>exarserunt.“</span> 
     </span>
    </p>

    <p class='ocr_par' dir='ltr' id='par_1_11' title="bbox 381 3257 608 3324">
     <span class='ocr_line' id='line_1_26' title="bbox 381 3257 608 3324; baseline 0.009 -14"><span class='ocrx_word' id='word_1_202' title='bbox 381 3258 410 3324; x_wconf 83' lang='grc'>5)</span> <span class='ocrx_word' id='word_1_203' title='bbox 429 3257 483 3310; x_wconf 92' lang='lat' dir='ltr'>Dio</span> <span class='ocrx_word' id='word_1_204' title='bbox 503 3258 546 3324; x_wconf 88' lang='grc'>68,</span> <span class='ocrx_word' id='word_1_205' title='bbox 565 3261 608 3312; x_wconf 89' lang='grc'>33.</span> 
     </span>
    </p>
   </div>
   <div class='ocr_carea' id='block_1_6' title="bbox 275 3343 1407 3481">
    <p class='ocr_par' dir='ltr' id='par_1_12' title="bbox 275 3343 1407 3481">
     <span class='ocr_line' id='line_1_27' title="bbox 342 3343 1407 3467; baseline -0.001 -67"><span class='ocrx_word' id='word_1_206' title='bbox 342 3415 371 3467; x_wconf 40' lang='grc' dir='ltr'>,θ</span> <span class='ocrx_word' id='word_1_207' title='bbox 382 3348 411 3413; x_wconf 91' lang='grc'>6)</span> <span class='ocrx_word' id='word_1_208' title='bbox 431 3345 484 3398; x_wconf 84' lang='lat' dir='ltr'>Dic</span> <span class='ocrx_word' id='word_1_209' title='bbox 504 3350 546 3414; x_wconf 78' lang='lat'>59,</span> <span class='ocrx_word' id='word_1_210' title='bbox 569 3348 581 3398; x_wconf 94' lang='lat' dir='ltr'>l</span> <span class='ocrx_word' id='word_1_211' title='bbox 601 3346 673 3400; x_wconf 82' lang='lat' dir='ltr'>init:</span> <span class='ocrx_word' id='word_1_212' title='bbox 697 3347 851 3415; x_wconf 74' lang='lat' dir='ltr'>‘Adptrrvdc</span> <span class='ocrx_word' id='word_1_213' title='bbox 876 3346 908 3402; x_wconf 76' lang='grc' dir='ltr'>δὲ</span> <span class='ocrx_word' id='word_1_214' title='bbox 927 3349 986 3402; x_wconf 74' lang='lat' dir='ltr'>ouo</span> <span class='ocrx_word' id='word_1_215' title='bbox 1012 3348 1069 3417; x_wconf 75' lang='grc' dir='ltr'>μὲν</span> <span class='ocrx_word' id='word_1_216' title='bbox 1091 3347 1243 3418; x_wconf 79' lang='grc' dir='ltr'><strong><em>Τραιανοῦ</em></strong></span> <span class='ocrx_word' id='word_1_217' title='bbox 1268 3343 1321 3399; x_wconf 74' lang='lat' dir='ltr'>oda</span> <span class='ocrx_word' id='word_1_218' title='bbox 1349 3349 1407 3400; x_wconf 78' lang='grc' dir='ltr'><em>ἐσε-</em></span> 
     </span>
     <span class='ocr_line' id='line_1_28' title="bbox 275 3433 396 3481; baseline -0.017 -13"><span class='ocrx_word' id='word_1_219' title='bbox 275 3433 344 3480; x_wconf 75' lang='lat' dir='ltr'>neap</span> <span class='ocrx_word' id='word_1_220' title='bbox 375 3439 396 3481; x_wconf 75' lang='lat' dir='ltr'>q,</span> 
     </span>
    </p>
   </div>
   <div class='ocr_carea' id='block_1_7' title="bbox 261 3503 1408 4443">
    <p class='ocr_par' dir='ltr' id='par_1_13' title="bbox 382 3503 740 3573">
     <span class='ocr_line' id='line_1_29' title="bbox 382 3503 740 3573; baseline -0.003 -14"><span class='ocrx_word' id='word_1_221' title='bbox 382 3506 410 3571; x_wconf 83' lang='lat'>7)</span> <span class='ocrx_word' id='word_1_222' title='bbox 430 3503 520 3572; x_wconf 86' lang='lat' dir='ltr'>Spart.</span> <span class='ocrx_word' id='word_1_223' title='bbox 539 3505 624 3559; x_wconf 88' lang='lat' dir='ltr'>Hadr.</span> <span class='ocrx_word' id='word_1_224' title='bbox 638 3507 663 3573; x_wconf 83' lang='lat'>4,</span> <span class='ocrx_word' id='word_1_225' title='bbox 678 3509 701 3559; x_wconf 90' lang='lat'>1.</span> <span class='ocrx_word' id='word_1_226' title='bbox 715 3507 740 3560; x_wconf 83' lang='lat'>4.</span> 
     </span>
    </p>

    <p class='ocr_par' dir='ltr' id='par_1_14' title="bbox 274 3592 1408 3840">
     <span class='ocr_line' id='line_1_30' title="bbox 382 3592 1408 3663; baseline -0.005 -14"><span class='ocrx_word' id='word_1_227' title='bbox 382 3597 410 3662; x_wconf 87' lang='grc'>8)</span> <span class='ocrx_word' id='word_1_228' title='bbox 430 3595 507 3658; x_wconf 83' lang='lat' dir='ltr'>Quae</span> <span class='ocrx_word' id='word_1_229' title='bbox 527 3611 615 3663; x_wconf 90' lang='lat' dir='ltr'>usque</span> <span class='ocrx_word' id='word_1_230' title='bbox 640 3595 768 3649; x_wconf 90' lang='lat' dir='ltr'>adhunc</span> <span class='ocrx_word' id='word_1_231' title='bbox 789 3596 876 3650; x_wconf 92' lang='lat' dir='ltr'>libelli</span> <span class='ocrx_word' id='word_1_232' title='bbox 895 3596 949 3651; x_wconf 89' lang='lat' dir='ltr'>mei</span> <span class='ocrx_word' id='word_1_233' title='bbox 967 3597 1059 3648; x_wconf 92' lang='lat' dir='ltr'>locum</span> <span class='ocrx_word' id='word_1_234' title='bbox 1078 3594 1180 3662; x_wconf 89' lang='lat' dir='ltr'>legisti,</span> <span class='ocrx_word' id='word_1_235' title='bbox 1197 3593 1278 3647; x_wconf 78' lang='lat' dir='ltr'>brevi</span> <span class='ocrx_word' id='word_1_236' title='bbox 1296 3592 1325 3645; x_wconf 91' lang='lat' dir='ltr'>iu</span> <span class='ocrx_word' id='word_1_237' title='bbox 1343 3608 1408 3645; x_wconf 89' lang='lat' dir='ltr'>eon-</span> 
     </span>
     <span class='ocr_line' id='line_1_31' title="bbox 277 3681 1408 3750; baseline 0 -16"><span class='ocrx_word' id='word_1_238' title='bbox 277 3686 374 3748; x_wconf 85' lang='lat' dir='ltr'>speclu</span> <span class='ocrx_word' id='word_1_239' title='bbox 395 3681 476 3749; x_wconf 91' lang='lat' dir='ltr'>posui</span> <span class='ocrx_word' id='word_1_240' title='bbox 504 3687 618 3735; x_wconf 87' lang='lat' dir='ltr'>secutus</span> <span class='ocrx_word' id='word_1_241' title='bbox 637 3682 769 3749; x_wconf 89' lang='lat' dir='ltr'>imprimis</span> <span class='ocrx_word' id='word_1_242' title='bbox 788 3700 880 3736; x_wconf 90' lang='lat' dir='ltr'>rerum</span> <span class='ocrx_word' id='word_1_243' title='bbox 904 3683 1089 3736; x_wconf 86' lang='lat' dir='ltr'>narrationem</span> <span class='ocrx_word' id='word_1_244' title='bbox 1113 3698 1194 3750; x_wconf 91' lang='lat' dir='ltr'>quam</span> <span class='ocrx_word' id='word_1_245' title='bbox 1213 3681 1327 3735; x_wconf 88' lang='lat' dir='ltr'>exhibet</span> <span class='ocrx_word' id='word_1_246' title='bbox 1345 3681 1408 3734; x_wconf 91' lang='lat' dir='ltr'>Die-</span> 
     </span>
     <span class='ocr_line' id='line_1_32' title="bbox 274 3770 660 3840; baseline 0.008 -18"><span class='ocrx_word' id='word_1_247' title='bbox 274 3784 389 3822; x_wconf 88' lang='lat' dir='ltr'>rauerus</span> <span class='ocrx_word' id='word_1_248' title='bbox 408 3770 425 3823; x_wconf 98' lang='lat' dir='ltr'>l.</span> <span class='ocrx_word' id='word_1_249' title='bbox 445 3787 468 3823; x_wconf 89' lang='lat' dir='ltr'>c.</span> <span class='ocrx_word' id='word_1_250' title='bbox 489 3787 515 3838; x_wconf 92' lang='lat' dir='ltr'>p.</span> <span class='ocrx_word' id='word_1_251' title='bbox 536 3772 587 3825; x_wconf 80' lang='grc'>164</span> <span class='ocrx_word' id='word_1_252' title='bbox 601 3786 660 3840; x_wconf 86' lang='lat' dir='ltr'>sqq.</span> 
     </span>
    </p>

    <p class='ocr_par' dir='ltr' id='par_1_15' title="bbox 261 3858 1408 4443">
     <span class='ocr_line' id='line_1_33' title="bbox 380 3858 1407 3930; baseline -0.003 -17"><span class='ocrx_word' id='word_1_253' title='bbox 380 3860 409 3927; x_wconf 88' lang='grc'>9)</span> <span class='ocrx_word' id='word_1_254' title='bbox 427 3859 544 3926; x_wconf 83' lang='lat' dir='ltr'>Eutrop.</span> <span class='ocrx_word' id='word_1_255' title='bbox 553 3861 622 3913; x_wconf 93' lang='lat' dir='ltr'>VIII</span> <span class='ocrx_word' id='word_1_256' title='bbox 641 3863 670 3915; x_wconf 87' lang='lat'>6:</span> <span class='ocrx_word' id='word_1_257' title='bbox 691 3861 800 3929; x_wconf 70' lang='lat' dir='ltr'>‚atatim</span> <span class='ocrx_word' id='word_1_258' title='bbox 819 3861 979 3930; x_wconf 83' lang='lat' dir='ltr'>provincias</span> <span class='ocrx_word' id='word_1_259' title='bbox 990 3867 1047 3914; x_wconf 87' lang='lat' dir='ltr'>tres</span> <span class='ocrx_word' id='word_1_260' title='bbox 1065 3859 1177 3928; x_wconf 88' lang='lat' dir='ltr'>reliquit</span> <span class='ocrx_word' id='word_1_261' title='bbox 1188 3873 1257 3928; x_wconf 90' lang='lat' dir='ltr'>quas</span> <span class='ocrx_word' id='word_1_262' title='bbox 1270 3858 1407 3911; x_wconf 85' lang='lat' dir='ltr'>Traianus</span> 
     </span>
     <span class='ocr_line' id='line_1_34' title="bbox 273 3944 1408 4024; baseline 0.002 -26"><span class='ocrx_word' id='word_1_263' title='bbox 273 3944 427 4012; x_wconf 87' lang='lat' dir='ltr'>addiderat,</span> <span class='ocrx_word' id='word_1_264' title='bbox 458 3945 486 3998; x_wconf 89' lang='lat' dir='ltr'>id</span> <span class='ocrx_word' id='word_1_265' title='bbox 511 3950 555 3998; x_wconf 86' lang='lat' dir='ltr'>est</span> <span class='ocrx_word' id='word_1_266' title='bbox 582 3945 726 4017; x_wconf 84' lang='lat' dir='ltr'>Assyriam</span> <span class='ocrx_word' id='word_1_267' title='bbox 745 3948 974 4016; x_wconf 85' lang='lat' dir='ltr'>Mesopotamiam</span> <span class='ocrx_word' id='word_1_268' title='bbox 1004 3944 1192 4000; x_wconf 85' lang='lat' dir='ltr'>Armeniam“.</span> <span class='ocrx_word' id='word_1_269' title='bbox 1212 3976 1245 3984; x_wconf 84' lang='lat'>—</span> <span class='ocrx_word' id='word_1_270' title='bbox 1278 3945 1408 4024; x_wconf 81' lang='lat' dir='ltr'>Adnotat</span> 
     </span>
     <span class='ocr_line' id='line_1_35' title="bbox 271 4032 1405 4105; baseline -0.001 -17"><span class='ocrx_word' id='word_1_271' title='bbox 271 4034 441 4088; x_wconf 89' lang='lat' dir='ltr'>Dicrauerus</span> <span class='ocrx_word' id='word_1_272' title='bbox 462 4034 490 4101; x_wconf 79' lang='lat' dir='ltr'>(l.</span> <span class='ocrx_word' id='word_1_273' title='bbox 511 4051 534 4088; x_wconf 90' lang='lat' dir='ltr'>c.</span> <span class='ocrx_word' id='word_1_274' title='bbox 554 4051 581 4102; x_wconf 87' lang='lat' dir='ltr'>p.</span> <span class='ocrx_word' id='word_1_275' title='bbox 600 4036 659 4103; x_wconf 87' lang='grc'><strong>164,</strong></span> <span class='ocrx_word' id='word_1_276' title='bbox 686 4042 778 4091; x_wconf 89' lang='lat' dir='ltr'>annot.</span> <span class='ocrx_word' id='word_1_277' title='bbox 803 4041 831 4105; x_wconf 79' lang='lat'>2)</span> <span class='ocrx_word' id='word_1_278' title='bbox 862 4037 921 4091; x_wconf 88' lang='lat' dir='ltr'>veri</span> <span class='ocrx_word' id='word_1_279' title='bbox 943 4036 1031 4090; x_wconf 91' lang='lat' dir='ltr'>simile</span> <span class='ocrx_word' id='word_1_280' title='bbox 1051 4049 1121 4101; x_wconf 90' lang='lat' dir='ltr'>esse,</span> <span class='ocrx_word' id='word_1_281' title='bbox 1153 4032 1323 4086; x_wconf 88' lang='lat' dir='ltr'>Hadrianum</span> <span class='ocrx_word' id='word_1_282' title='bbox 1343 4051 1405 4102; x_wconf 82' lang='lat' dir='ltr'>pro·</span> 
     </span>
     <span class='ocr_line' id='line_1_36' title="bbox 272 4121 1407 4194; baseline -0.001 -18"><span class='ocrx_word' id='word_1_283' title='bbox 272 4123 378 4176; x_wconf 78' lang='lat' dir='ltr'>vincias</span> <span class='ocrx_word' id='word_1_284' title='bbox 401 4121 462 4175; x_wconf 91' lang='lat' dir='ltr'>illas</span> <span class='ocrx_word' id='word_1_285' title='bbox 487 4139 543 4176; x_wconf 90' lang='lat' dir='ltr'>nou</span> <span class='ocrx_word' id='word_1_286' title='bbox 568 4129 649 4178; x_wconf 87' lang='lat' dir='ltr'>antea</span> <span class='ocrx_word' id='word_1_287' title='bbox 672 4124 810 4180; x_wconf 88' lang='lat' dir='ltr'>dimisisse</span> <span class='ocrx_word' id='word_1_288' title='bbox 835 4141 917 4194; x_wconf 92' lang='lat' dir='ltr'>quam</span> <span class='ocrx_word' id='word_1_289' title='bbox 935 4125 1052 4178; x_wconf 89' lang='lat' dir='ltr'>Romam</span> <span class='ocrx_word' id='word_1_290' title='bbox 1072 4123 1206 4188; x_wconf 65' lang='lat' dir='ltr'>redisset,</span> <span class='ocrx_word' id='word_1_291' title='bbox 1225 4126 1296 4176; x_wconf 87' lang='lat' dir='ltr'>teste</span> <span class='ocrx_word' id='word_1_292' title='bbox 1316 4127 1407 4177; x_wconf 89' lang='lat' dir='ltr'>antem</span> 
     </span>
     <span class='ocr_line' id='line_1_37' title="bbox 272 4210 1407 4281; baseline -0.001 -17"><span class='ocrx_word' id='word_1_293' title='bbox 272 4211 359 4264; x_wconf 86' lang='lat' dir='ltr'>utitur</span> <span class='ocrx_word' id='word_1_294' title='bbox 378 4210 535 4279; x_wconf 86' lang='lat' dir='ltr'>Spartiano,</span> <span class='ocrx_word' id='word_1_295' title='bbox 555 4213 602 4280; x_wconf 94' lang='lat' dir='ltr'>qui</span> <span class='ocrx_word' id='word_1_296' title='bbox 622 4214 733 4281; x_wconf 92' lang='lat' dir='ltr'>quidem</span> <span class='ocrx_word' id='word_1_297' title='bbox 754 4214 813 4281; x_wconf 79' lang='lat' dir='ltr'>(vit.</span> <span class='ocrx_word' id='word_1_298' title='bbox 830 4214 917 4267; x_wconf 81' lang='lat' dir='ltr'>&#39;Hadn</span> <span class='ocrx_word' id='word_1_299' title='bbox 938 4213 1081 4281; x_wconf 71' lang='lat' dir='ltr'>allinit.)</span> <span class='ocrx_word' id='word_1_300' title='bbox 1100 4211 1182 4264; x_wconf 88' lang='lat' dir='ltr'>dicit:</span> <span class='ocrx_word' id='word_1_301' title='bbox 1204 4211 1310 4276; x_wconf 87' lang='lat' dir='ltr'>„inter</span> <span class='ocrx_word' id='word_1_302' title='bbox 1322 4211 1407 4264; x_wconf 91' lang='lat' dir='ltr'>haec</span> 
     </span>
     <span class='ocr_line' id='line_1_38' title="bbox 270 4297 1408 4370; baseline -0.001 -18"><span class='ocrx_word' id='word_1_303' title='bbox 270 4298 361 4353; x_wconf 75' lang='lat' dir='ltr'>tamum</span> <span class='ocrx_word' id='word_1_304' title='bbox 387 4303 416 4352; x_wconf 90' lang='lat' dir='ltr'>ct</span> <span class='ocrx_word' id='word_1_305' title='bbox 444 4301 544 4354; x_wconf 88' lang='lat' dir='ltr'>multas</span> <span class='ocrx_word' id='word_1_306' title='bbox 573 4301 730 4368; x_wconf 81' lang='lat' dir='ltr'>prouincias</span> <span class='ocrx_word' id='word_1_307' title='bbox 757 4317 773 4354; x_wconf 90' lang='lat' dir='ltr'>a</span> <span class='ocrx_word' id='word_1_308' title='bbox 798 4302 917 4356; x_wconf 84' lang='lat' dir='ltr'>Traiano</span> <span class='ocrx_word' id='word_1_309' title='bbox 942 4301 1095 4370; x_wconf 89' lang='lat' dir='ltr'>adquisitas</span> <span class='ocrx_word' id='word_1_310' title='bbox 1119 4299 1254 4367; x_wconf 83' lang='lat' dir='ltr'>reliquit.“</span> <span class='ocrx_word' id='word_1_311' title='bbox 1287 4297 1408 4353; x_wconf 86' lang='lat' dir='ltr'>Videtur</span> 
     </span>
     <span class='ocr_line' id='line_1_39' title="bbox 261 4388 703 4443; baseline 0.002 -1"><span class='ocrx_word' id='word_1_312' title='bbox 261 4393 346 4442; x_wconf 62' lang='lat' dir='ltr'>‘reete</span> <span class='ocrx_word' id='word_1_313' title='bbox 366 4388 505 4443; x_wconf 88' lang='lat' dir='ltr'>iudicasse</span> <span class='ocrx_word' id='word_1_314' title='bbox 524 4390 703 4443; x_wconf 89' lang='lat' dir='ltr'>Dicrauerus.</span> 
     </span>
    </p>
   </div>
   <div class='ocr_carea' id='block_1_8' title="bbox 0 0 1644 5190">
    <p class='ocr_par' dir='ltr' id='par_1_16' title="bbox 0 0 1644 5190">
     <span class='ocr_line' id='line_1_40' title="bbox 0 0 1644 5190; baseline 0 2"><span class='ocrx_word' id='word_1_315' title='bbox 0 0 1644 5190; x_wconf 95' lang='lat' dir='ltr'> </span> 
     </span>
    </p>
   </div>
  </div>
 </body>
</html>
