3308 5190
819 576 855 630 80

230 767 250 835 v*
274 749 381 810 cedato
411 769 498 812 numo
533 753 658 830 quodem
690 756 875 831 Imperatoris
900 756 1050 819 Commodi
1081 759 1160 836 apud
1182 761 1408 830 MIunnetiumli

273 865 441 945 conspicuo,
465 867 495 925 in
517 885 575 942 que
597 869 673 928 inest
695 870 864 946 inscriptio:

619 981 727 1048 ΚΘΛ.
774 989 822 1047 Μ.
873 986 1057 1066 EAECCA3

271 1091 323 1151 sed
346 1090 459 1153 etiamsi
482 1114 539 1172 quo
563 1101 694 1174 tempore
717 1102 856 1160 constitut
857 1096 938 1160 asit
960 1102 989 1159 in
1014 1099 1069 1160 hac
1088 1099 1160 1160 urbe
1177 1100 1293 1160 colonia
1309 1101 1407 1164 adhuc

271 1207 447 1289 ignoremus,
472 1214 569 1272 tamen
592 1214 660 1274 inde
685 1235 702 1274 a
725 1215 882 1276 Caracalla
906 1217 1048 1276 coloniam
1070 1213 1161 1274 fuisse
1185 1233 1254 1274 cons
1256 1218 1322 1276 tat
1310 1218 1344 1292 2.)

376 1327 533 1387 Praeterea
556 1332 674 1389 exstant
697 1332 785 1391 etiam
807 1333 887 1391 numi
912 1331 1013 1408 oppidi
1037 1331 1187 1390 cuiusdam
1217 1327 1320 1390 incerti
1343 1332 1405 1392 Me-

272 1441 462 1523 sopotamiae,
487 1460 561 1518 quos
584 1445 746 1505 simillimos
769 1442 828 1505 iliis
851 1446 889 1506 ad
907 1447 1048 1506 Mannum
1070 1463 1169 1521 regem
1193 1446 1406 1521 pertinentibus

271 1557 300 1615 et
322 1557 435 1631 pariter
457 1559 553 1634 capite
577 1563 627 1619 aut
643 1561 734 1620 Marci
757 1565 809 1621 aut
830 1561 864 1622 L.
884 1561 957 1621 Veri
980 1564 1031 1621 aut
1053 1554 1316 1620 uxorum'ornatos
1339 1577 1405 1621 esse

270 1671 397 1728 testatur
420 1670 581 1731 IIckhelius
592 1669 626 1756 ³).
673 1675 707 1746 In
731 1674 838 1752 quibus
862 1675 1048 1736 haec‘habes
1070 1674 1163 1735 verba
1185 1675 1342 1751 iuscripta:

451 1807 564 1873 unas
605 1786 758 1877 unusne
801 1811 1033 1874 rumaren

656 1925 745 1991 ΤΩΝ
786 1928 906 1992 ΟΒΒΑ
950 1923 1028 2006 (scil.
1053 1924 1229 2009 Σεβαστῶν)
1370 1983 1373 1991 ,

549 2043 616 2101 aut:
662 2036 759 2099 ΤΩΝ
801 2037 987 2100 ΚΥΡΙΩΝ
1029 2037 1402 2123 οΕ(εοί1.Σεβαστώι’).

371 2183 469 2257 Quare
493 2187 691 2245 commovetur
715 2182 888 2260 IIekireiius‚
918 2184 950 2241 ut
981 2181 1035 2241 hos
1060 2171 1176 2259 quoque
1200 2182 1330 2244 Edessae
1352 2189 1404 2244 aut

268 2300 298 2356 in
321 2300 488 2376 propinqua
512 2298 594 2378 urbe,
617 2300 691 2359 sicut
714 2298 844 2377 Carrhis,
869 2313 992 2357 excusos
1019 2315 1084 2358 esse
1108 2299 1273 2360 contendat.

370 2415 494 2476 Restant
522 2416 603 2475 numi
625 2413 758 2516 neptuni
781 2411 818 2471 ad
841 2409 949 2472 Verum
973 2407 1156 2488 pertinentes
1165 2415 1198 2494 4),
1226 2433 1349 2490 quorum
1372 2415 1403 2474 in

269 2532 352 2604 parte
389 2548 497 2590 aversa
521 2549 585 2590 eum
609 2530 716 2589 iudicia
743 2527 827 2587 varia
855 2527 893 2587 ad
916 2524 1056 2588 victorias
1086 2530 1116 2588 In
1140 2529 1278 2590 Armenia
1300 2534 1402 2606 partas

267 2645 432 2720 spectantia
454 2645 641 2704 inveniuntur·
662 2648 724 2703 tum
747 2644 919 2720 inscriptum
943 2643 1066 2720 iegitur:
1093 2639 1328 2708 ΑΡΜΕΝΙΑ.

369 2760 408 2818 Hi
438 2777 512 2835 quos
541 2761 773 2819 enumeravimus
796 2759 876 2818 numi
900 2759 1013 2836 graecis
1037 2758 1144 2819 litteris
1167 2759 1312 2839 inseripti,
1351 2763 1403 2836 qui

266 2871 374 2931 bellum
401 2873 571 2933 Parthicum
589 2873 744 2933 illustrant
767 2876 818 2933 aut
840 2873 891 2932 illa
913 2876 1009 2938 aetate
1035 2875 1143 2951 signati
1168 2877 1246 2955 sunt,
1280 2895 1401 2937 numero

266 2991 334 3047 sunt
356 2989 455 3063 pauci.

373 3103 392 3179 ἕ
418 3105 447 3162 3.
494 3101 534 3161 Aa
557 3103 751 3162 Romanorum
787 3079 940 3162 numerum
976 3104 1146 3163 thesaurum
1176 3105 1202 3162 si
1224 3105 1399 3186 respexeris,

265 3219 425 3294 permultos
470 3235 541 3277 sane
586 3218 717 3278 iuvenies
763 3219 792 3277 in
840 3219 948 3295 quibus
990 3219 1132 3278 victoriae
1170 3219 1318 3280 Romanae
1364 3220 1400 3281 de

265 3333 404 3393 Armenia
433 3332 611 3407 Parthisque
642 3336 808 3408 reportatae
833 3332 1026 3412 celebrantur,
1058 3332 1111 3392 sed
1141 3332 1220 3408 quod
1243 3333 1400 3394 dolendum

265 3452 318 3528 est,
342 3449 393 3508 vix
415 3446 524 3507 indicia
546 3447 687 3527 invenies,
712 3447 818 3523 quibus
842 3451 892 3507 aut
915 3451 1030 3523 tempus
1054 3447 1218 3506 accuratius
1241 3436 1397 3509 definiatur
1502 3475 1505 3484 ·

151 3643 154 3652 Ι
265 3568 316 3624 aut
339 3563 376 3623 ad
398 3580 445 3624 res
468 3565 568 3639 gestas
591 3563 673 3639 ipsas
696 3561 887 3622 illustrandas
909 3562 1021 3636 aliquid
1037 3562 1163 3622 addatur
1179 3562 1258 3639 quod
1280 3564 1398 3624 aliunde

263 3696 320 3737 non
343 3677 401 3737 iam
424 3681 523 3736 notum
548 3678 602 3755 sit3
627 3677 752 3736 eximere
767 3680 851 3753 petes
864 3677 889 3735 si
901 3675 945 3734 vis
957 3676 1023 3736 illos
1036 3681 1150 3736 tantum
1162 3677 1220 3736 iam
1234 3695 1324 3754 supra
1340 3698 1397 3740 me-

263 3789 425 3873 moratosi)
449 3791 556 3868 quibus
579 3792 752 3868 inscriptum
776 3795 837 3851 est:
864 3809 937 3863 „rex
959 3791 1078 3852 Armen.
1100 3792 1220 3852 datus‘⁶.

366 3907 471 3984 Neque
502 3910 599 3968 tamen
627 3925 700 3967 are
723 3923 788 3967 esse
809 3924 923 3987 censeo,
955 3907 980 3966 si
1003 3925 1040 3966 ex
1062 3907 1201 3967 thesauro
1225 3903 1276 3983 qui
1300 3910 1397 3968 exstat

417 4110 541 4165 Mionnet
559 4112 628 4165 VIII
647 4114 708 4180 399,
727 4127 753 4164 n.
775 4113 798 4165 1.

417 4198 524 4254 Eckhsl
543 4200 570 4254 II
557 4201 630 4268 IIp.
650 4201 711 4256 510.

371 4111 399 4179 1)

370 4201 398 4268 2)

369 4291 397 4356 3)
417 4287 524 4342 Eckhei
543 4288 630 4357 HIp.
650 4291 711 4344 520

369 4375 710 4446 4)Eckhe1111p.20,8.

370 4463 476 4534 5>vid
494 4480 522 4535 p
541 4466 584 4521 23.
