3308 5190
746 587 782 655 69

207 775 297 857 sium,
321 777 458 838 Martium
479 777 600 858 Verum,
622 776 701 838 bello
724 777 864 837 Parthico
887 775 962 836 alios
989 775 1131 852 quosdam
1160 769 1240 835 viros
1261 791 1346 853 prae-

208 893 392 954 clarissimos
421 891 589 954 interfuisse
619 893 789 973 accipimus,
821 891 858 952 de
887 890 994 966 quibus
1016 909 1095 950 nuno
1116 894 1162 951 est
1190 893 1345 967 agendum.

508 1087 540 1170 5)
563 1090 615 1150 De
637 1085 678 1146 M.
700 1085 839 1147 Pontio
862 1083 1060 1145 Laeliauo.

319 1226 442 1288 Cursum
466 1230 610 1291 honorum
633 1225 691 1288 viri
712 1227 805 1288 habes
829 1227 859 1286 in
881 1227 967 1287 titulo
989 1227 1099 1286 Romae
1120 1220 1287 1305 reporto1),
1310 1242 1346 1285 ex

209 1359 270 1417 quo
286 1344 430 1424 sequitur,
445 1345 578 1405 comitem
591 1345 660 1405 Veri
684 1361 749 1404 enm
765 1340 857 1401 fnisse
869 1341 1013 1418 donisque
1036 1339 1211 1400 militaribus
1225 1343 1347 1416 propter

209 1455 322 1516 bellum
357 1456 563 1519 Armeniacum
601 1461 631 1518 st
668 1458 836 1518 Parthicum
865 1473 930 1516 esse
959 1455 1107 1516 donatum.
1154 1454 1348 1514 Laudatura

211 1571 362 1634 Frontone
397 1574 475 1648 quod
505 1575 535 1633 in
566 1574 651 1650 Syria
678 1573 757 1650 apud
786 1572 892 1632 milites
922 1572 1107 1648 disciplinam
1142 1567 1346 1652 restituenti).

211 1683 280 1758 Quo
310 1691 442 1763 tempore
465 1688 567 1748 consul
601 1687 699 1768 fuerit,
723 1691 802 1748 oerto
829 1688 927 1748 adbuo
959 1686 1056 1747 dicere
1085 1705 1143 1746 non
1182 1703 1347 1761 possumus.

208 1801 392 1878 Borghesius
415 1803 532 1879 quidem
555 1803 592 1863 de
614 1803 755 1864 Laeliano
779 1802 898 1864 consule
920 1798 1069 1862 ordinario
1092 1820 1120 1862 a.
1140 1804 1202 1861 163
1227 1803 1347 1881 eogitat,

210 1916 263 1976 sed
292 1921 439 1993 repugnat
466 1917 652 1992 Renier·ius³)
687 1915 842 1993 fascesque
865 1918 993 1992 gessisse
1016 1935 1082 1977 eum
1109 1916 1173 1976 vult
1207 1917 1264 1976 iam
1294 1917 1346 1976 im·

208 2035 333 2106 perante
362 2032 399 2091 T.
438 2030 586 2092 Antonino
631 2032 694 2091 Pio.
726 2031 853 2108 Legatio
890 2033 1062 2107 provinciae
1107 2032 1222 2111 Syriae,
1258 2051 1346 2108 quam

210 2139 377 2206 testimonio
422 2146 499 2206 tituli
529 2145 672 2207 Orelliani
711 2148 796 2206 3186
837 2145 972 2225 obtinuit,
1010 2147 1148 2206 extremis
1164 2146 1346 2223 temporibus

211 2264 251 2322 M.
266 2261 378 2321 Aurelii
400 2260 540 2321 Antonini
577 2261 763 2321 attribuenda
792 2255 911 2321 videtur·
941 2278 1016 2340 esse,
1046 2261 1087 2321 ita
1115 2263 1148 2320 ut
1174 2263 1208 2320 P.
1240 2261 1345 2322 Martio

211 2374 289 2435 Vero
313 2373 427 2434 subisse
449 2392 515 2433 eum
538 2373 742 2456 statuamusi).

491 2519 522 2592 6)
545 2518 597 2577 De
620 2519 660 2578 Μ.
685 2517 844 2579 Claudio
866 2517 1069 2580 Frontone.

318 2655 428 2716 Cursus
457 2658 598 2717 honorum
627 2659 684 2718 viri
707 2658 811 2720 obvius
835 2664 881 2720 est
903 2662 933 2720 in
956 2662 1042 2722 titulo
1064 2662 1191 2738 quodam
1214 2663 1344 2722 Romano

211 2771 241 2828 in
273 2767 338 2830 foro
362 2770 449 2846 leio
472 2769 601 2855 erubui).
647 2774 794 2833 Dissimus
824 2774 902 2837 bello
935 2773 1075 2837 Parthico
1097 2778 1178 2838 illum
1202 2776 1345 2855 legionil

319 2975 347 3044 1)
367 2975 397 3030 C.
423 2975 450 3030 J.
474 2979 507 3030 L.
526 2977 568 3031 VI
587 2978 657 3033 1497
678 3003 709 3027 =
729 2978 813 3034 Orelli
831 2979 901 3033 3186
923 3003 954 3026 =
975 2978 1078 3035 Gruter
1096 2981 1157 3050 457,
1182 2983 1199 3036 2
1224 3011 1258 3020 -
1286 2981 1342 3036 vid.

211 3062 273 3117 infr.
292 3063 347 3118 Tit.
365 3081 393 3118 n.
411 3066 454 3120 43.

317 3155 345 3221 2)
365 3153 401 3207 ad
420 3155 525 3208 Verum
545 3155 607 3210 111
635 3157 711 3224 (pag.
733 3155 784 3210 128
803 3155 923 3224 Nabur):
956 3155 1022 3222 „Au
1046 3155 1100 3211 hoo
1124 3157 1219 3212 vestiti
1244 3159 1342 3214 melius

211 3256 292 3309 quiam
306 3243 416 3296 armati:
436 3244 508 3298 adeo
526 3248 559 3298 ut
576 3244 619 3298 vir
637 3245 731 3313 gravis
751 3249 779 3299 et
796 3245 901 3299 veteris
922 3245 1084 3313 disciplinae
1103 3246 1252 3302 Laelianus
1270 3248 1342 3302 Pon-

209 3328 266 3382 tius
283 3328 384 3383 luricas
403 3332 502 3400 partim
521 3347 617 3386 eorum
636 3332 731 3402 digitis
750 3333 918 3400 primoribus
937 3333 1092 3388 scinderet“
1114 3340 1167 3388 ete.

273 3486 276 3494 Ι
316 3421 345 3486 3)
363 3419 475 3488 Romen,
501 3422 610 3489 Compt.
629 3421 716 3489 rend,
740 3422 819 3475 Paris
833 3423 902 3477 1864
921 3423 1022 3490 (Tome
1041 3425 1122 3493 VIM)
1147 3442 1174 3493 p.
1194 3427 1255 3492 255,
1286 3427 1345 3495 agit

211 3505 246 3560 de
266 3505 347 3560 titulo
365 3509 436 3576 (rep.
449 3509 603 3578 Trodsmi):
630 3509 660 3564 C.
680 3511 706 3564 J.
725 3512 757 3564 L.
776 3511 818 3564 III
837 3511 890 3567 774
909 3510 1035 3580 (Iglitzae
1048 3512 1076 3566 in
1090 3513 1176 3566 Moes.
1195 3513 1287 3580 infer.)
1312 3539 1344 3562 =

210 3593 277 3648 ibid.
297 3597 368 3650 6182
387 3598 463 3666 (pag.
475 3598 567 3668 1004);
589 3599 639 3666 „M
654 3597 781 3653 Pontio
801 3599 995 3668 (Llaeliano
1015 3603 1062 3670 (6.)
1081 3617 1108 3654 ν.
1128 3603 1226 3670 patri
1244 3603 1343 3658 Pont.
1458 3597 1460 3600 ’

209 3682 372 3737 Laeliani
391 3685 482 3755 (Meg.
496 3687 579 3755 Aug.
598 3704 645 3756 pr.
665 3704 713 3756 pr.
733 3688 998 3744 ordoTroesm.“
1018 3687 1113 3743 —Ad
1132 3706 1214 3760 quem
1232 3690 1344 3746 titulum

211 3771 396 3827 Mommsenus
423 3773 568 3829 observat:
595 3777 646 3842 „M
665 3776 746 3830 Pont.
766 3777 913 3831 Laelianus
932 3777 1051 3832 Sabinus
1071 3777 1132 3847 (cfr.
1150 3779 1193 3834 tit.
1215 3779 1245 3834 0.
1265 3781 1291 3834 J.
1311 3785 1343 3836 L.

210 3859 252 3913 VI
271 3859 352 3928 1497)
371 3859 428 3913 dux
446 3861 475 3914 in
492 3860 568 3916 bello
586 3861 717 3917 Parthico
736 3863 810 3918 idem
828 3865 906 3918 visus
925 3864 1111 3920 estReniorio
1131 3871 1214 3936 atquo
1234 3865 1344 3936 lagatus

210 3947 291 4002 huius
310 3948 410 4003 tituli“.
436 3980 470 3988 -
494 3950 622 4019 Denique
648 3952 751 4020 legitur
770 3951 851 4008 Orell.
870 3954 941 4010 4719
960 3955 1127 4022 (ertetiae):
1155 3997 1318 4022 .......
1320 3957 1344 4021 Q

210 4035 311 4089 Mustio
337 4035 434 4090 Prisco
459 4039 494 4092 M.
513 4038 615 4092 Pontio
639 4040 772 4094 Laeliano
798 4047 873 4096 eos“.
898 4073 931 4082 —
957 4043 1018 4108 Quo
1037 4059 1110 4097 anno
1129 4045 1230 4099 oonsul
1247 4053 1345 4100 noster

211 4124 356 4190 exstiterit.
374 4123 506 4180 hocloco
526 4125 659 4194 expedire
678 4128 743 4182 mihi
762 4147 818 4183 non
837 4131 1012 4199 propositum
1031 4137 1082 4186 est.

315 4213 344 4281 4)
364 4212 420 4266 cn.
440 4212 640 4285 Wuddington,
660 4217 768 4285 Compi.
788 4218 876 4290 read..
895 4221 973 4288 1865,
992 4237 1019 4290 p.
1039 4223 1099 4277 122.

317 4302 345 4368 5)
364 4301 395 4354 O.
408 4301 435 4355 J.
448 4303 480 4355 L.
499 4302 541 4355 VI
561 4304 630 4358 1377
644 4327 676 4350 =
691 4306 722 4360 O.
741 4306 768 4360 J.
787 4311 819 4361 L.
839 4308 880 4360 III
900 4325 925 4376 p.
945 4311 997 4364 236
1016 4308 1064 4377 (ad
1083 4327 1108 4364 n.
1130 4311 1211 4381 1457)
1226 4311 1344 4367 :Hen-

211 4403 261 4442 zen
280 4389 358 4444 5478.
378 4420 412 4426 —
430 4389 528 4444 Verba
545 4391 618 4445 tituli
637 4393 694 4447 vid.
713 4392 784 4448 inira
803 4412 829 4448 n.
848 4396 891 4450 44.
910 4427 944 4435 -
963 4397 1075 4452 Titulus
1094 4401 1193 4453 summi
1211 4401 1344 4456 momenti

210 4480 261 4545 est,
285 4492 349 4531 cnm
367 4509 400 4516 -
420 4479 497 4547 quod
515 4480 626 4536 aliunde
651 4481 742 4537 adhuc
767 4485 894 4553 expediri
917 4502 974 4540 non
997 4488 1091 4556 potuit
1113 4483 1146 4528 '—
1170 4487 1311 4558 legionem
1330 4489 1344 4546 I
