3280 5190
783 554 816 612 21

221 732 390 810 Xiphilinus
420 733 450 793 in
472 734 543 810 epit.
567 733 618 794 lib.
635 736 687 813 70,
712 753 738 794 o.
764 737 827 814 2,2
853 735 1014 813 annotavit,
1039 734 1188 794 historiam
1211 729 1352 794 Antonini

222 851 267 910 Pii
290 850 369 926 apud
391 850 525 928 Dionem,
550 851 663 926 exiguis
686 851 818 925 reliquiis
842 852 983 930 exeeptis,
1012 850 1096 910 nobis
1122 868 1180 910 non
1210 851 1268 909 iam
1290 867 1350 908 ser-

222 967 319 1024 vatam
343 981 423 1043 esse3
459 981 604 1040 quernae
628 964 804 1044 additurum,
840 983 916 1040 quae
939 964 1067 1025 alliuude
1090 963 1241 1023 collexerIt
1264 968 1352 1039 atque

221 1081 411 1154 excerpserit.
467 1079 540 1140 Item
571 1080 590 1138 l.
620 1099 645 1142 c.
668 1084 802 1158 testatur,
841 1099 899 1139 non
929 1081 987 1139 iarn
1016 1095 1180 1158 superesse,
1210 1097 1286 1155 quae
1316 1078 1351 1138 de

218 1196 302 1254 initio
331 1195 446 1270 imperii
468 1196 560 1254 Marci
590 1197 731 1272 principis
763 1201 792 1267 et
823 1195 859 1256 de
882 1196 970 1256 rebus
993 1215 1010 1255 a
1035 1196 1126 1255 Lucio
1149 1197 1180 1254 in
1201 1194 1277 1254 bello
1300 1193 1350 1254 ad-

218 1325 322 1368 versus
345 1308 540 1387 Vologaesum
570 1311 661 1386 gestis
690 1311 745 1370 Dio
778 1313 995 1386 conscripserit.
1028 1345 1069 1353 —-
1101 1306 1184 1370 Haeo
1208 1310 1351 1376 sianimo

220 1425 445 1501 computaveris,
484 1442 580 1499 pauca
608 1425 658 1483 illa
687 1443 762 1500 qrrae
793 1428 821 1485 in
846 1427 917 1500 cpit.
942 1426 993 1484 lib.
1019 1429 1058 1484 71
1084 1425 1272 1485 inveniuntur
1294 1443 1353 1482 non

219 1539 276 1612 ipsi
309 1534 397 1598 Dioni
420 1537 530 1617 deberi,
563 1539 615 1598 sed
646 1540 762 1600 aliunde
786 1560 804 1599 a
826 1541 977 1616 Xiphiliuo
1000 1540 1154 1615 desumpta
1177 1557 1242 1599 esse
1265 1537 1352 1600 facile

219 1649 409 1732 intelleges1).

327 1770 447 1828 Praeter
476 1767 669 1843 Capitolinum
708 1773 736 1829 et
767 1771 900 1847 Dionem,
939 1770 964 1828 si
994 1770 1146 1845 exceperis
1180 1769 1280 1829 titulos
1317 1787 1353 1828 ac

219 1901 321 1942 nrrmos
346 1885 553 1959 dispersasque
575 1885 660 1959 quasi
683 1885 831 1959 symbolas
855 1903 931 1960 quae
954 1904 972 1944 a
994 1885 1186 1961 scriptoribus
1210 1885 1351 1960 posterio-

221 1998 260 2055 ris
284 2001 442 2075 praecipue
466 2000 571 2058 aetatis
595 1999 783 2078 praebentur,
807 2000 844 2059 ad
867 2000 1019 2059 historiam
1042 1995 1114 2059 belli
1132 2000 1279 2058 materiem
1302 2017 1349 2058 ac-

220 2113 341 2187 cipimus
364 2134 383 2173 a
398 2113 546 2173 Frontone
569 2117 685 2173 oratore
707 2118 737 2172 et
758 2132 776 2172 a
797 2114 928 2173 Lucieno
952 2114 1159 2174 Samosatcnsi.
1217 2112 1348 2184 Quorum

220 2227 268 2286 ille
290 2245 361 2286 usus
377 2229 592 2289 commentariis
602 2228 639 2288 ab
656 2225 762 2288 Avidio
775 2228 877 2288 Cassio
901 2232 930 2289 et
951 2248 969 2287 a
987 2229 1092 2287 Martio
1114 2228 1190 2288 Vero
1214 2227 1349 2307 oblatis2)

219 2342 368 2402 historiam
381 2343 451 2402 belli
469 2342 654 2403 conscribere
676 2345 803 2404 animum
825 2343 990 2421 induxerat,
1015 2345 1104 2418 atque
1120 2341 1265 2419 epistulae
1287 2346 1350 2404 cius

219 2461 248 2517 et
271 2457 386 2518 libellus
403 2459 453 2533 qui
470 2458 638 2517 inscribitur
664 2461 832 2536 „Principia
851 2459 1010 2518 historiae“
1036 2459 1126 2518 multa
1150 2460 1288 2523 exhibent
1312 2461 1349 2520 ad

219 2571 327 2631 bellum
350 2573 518 2632 Parthicum
541 2569 715 2648 spectantia.
739 2608 781 2616 --
805 2574 952 2633 Luciacus
975 2578 1071 2634 autem
1092 2575 1122 2632 in
1145 2577 1351 2635 commentario

220 2687 279 2765 illo,
301 2706 359 2762 quo
382 2689 527 2766 exposuit,
551 2687 695 2764 quomodo
718 2687 842 2748 historia
865 2689 903 2746 sit
926 2687 1172 2766 conscribendal),
1202 2688 1238 2748 de
1258 2691 1349 2765 scrIp·

220 2802 343 2881 toribus,
367 2803 417 2877 qni
441 2803 513 2876 ipsis
536 2801 604 2862 belli
628 2802 758 2860 Parthici
781 2800 961 2876 temporibus
983 2819 1031 2860 res
1055 2801 1130 2861 inter
1153 2803 1298 2862 Romanos
1322 2808 1351 2863 et

220 2917 347 2976 Parthos
369 2921 468 2992 gestas
491 2917 596 2976 litteris
621 2917 807 2996 mandabant,
831 2915 924 2975 fusius
937 2920 1024 2991 atque
1038 2916 1155 2976 uberius
1180 2915 1250 2994 egit.
1281 2920 1350 2977 Per-

222 3033 339 3090 strinxit
361 3035 448 3107 atque
475 3032 617 3092 laceravIt
639 3032 780 3092 tumidum
805 3049 966 3091 sermonem
989 3035 1077 3106 atque
1100 3051 1237 3107 pompam
1263 3028 1350 3107 quarn

220 3147 250 3205 in
280 3146 403 3205 dicendo
433 3146 652 3224 adhibuissent3
691 3145 797 3204 multas
830 3162 878 3204 res
915 3163 1026 3203 summa
1054 3146 1235 3220 impudentia
1264 3147 1351 3221 plane

221 3262 373 3320 ementitos
390 3277 440 3320 eos
455 3278 529 3339 esse,
543 3280 600 3320 non
615 3260 652 3319 ad
665 3262 827 3333 veritatem,
852 3259 905 3320 sed
918 3259 954 3319 ad
966 3261 1090 3336 gratiam
1107 3262 1350 3321 hominumhietu-

221 3376 293 3433 riam
316 3379 469 3452 tractasse,
499 3377 659 3450 specimina
687 3377 803 3450 priscae
833 3376 937 3435 aetatis
959 3376 1099 3435 historiae
1124 3375 1352 3436 conscribendae

222 3489 328 3548 imitari
351 3489 468 3564 quidem
482 3490 640 3568 studuisse,
662 3490 854 3569 Herodotum,
878 3490 1091 3569 Thucydidem,
1115 3491 1198 3568 alios,
1222 3490 1275 3549 sed
1297 3510 1352 3567 pro

222 3623 293 3664 vera
314 3622 411 3664 rernm
434 3605 617 3664 enarratione
641 3605 823 3678 congessisse
846 3604 1081 3664 narratiunculas
1105 3605 1301 3680 ineptissimas
1325 3607 1354 3664 et

223 3716 415 3778 futilissimas.
481 3720 575 3777 Multa
608 3719 692 3777 affert
720 3719 766 3776 vir
802 3719 1065 3796 praeclarissimus,
1105 3719 1211 3794 quibus
1241 3719 1356 3779 dicendi

223 3850 315 3907 genus
340 3833 514 3908 scriptorum
544 3831 659 3890 illorum
681 3833 921 3906 pravissimorum
945 3833 1113 3913 illrrst1·ct⁴);
1144 3838 1233 3912 atque
1256 3834 1287 3893 in
1310 3835 1356 3894 his

377 3983 426 4037 cfr.
446 3982 529 4038 etiarn
547 3983 663 4038 Mueller
681 3984 698 4037 l.
718 4001 741 4038 o.
760 4000 787 4052 p.
808 3986 859 4041 136
878 4001 899 4040 s.

331 3984 358 4052 1)

330 4075 358 4140 2)
377 4074 492 4138 Fronto,
512 4071 547 4125 ad
566 4073 679 4140 Verum,
698 4074 726 4126 ll
745 4076 762 4128 3
782 4075 819 4141 (p.
840 4075 891 4130 131
910 4073 1025 4142 Nabar).

329 4163 359 4228 3)
377 4161 502 4214 Libellus
520 4176 576 4215 non
594 4161 633 4214 ita
651 4163 737 4215 multo
757 4166 821 4230 post
840 4162 944 4218 bellum
962 4162 1122 4218 Parthicum
1141 4164 1271 4220 riedetur
1289 4181 1353 4220 con·

223 4248 344 4316 scriptus
364 4263 434 4302 esse.
1387 4297 1392 4302 .

329 4338 358 4403 4)
377 4337 493 4390 Praeter
516 4341 610 4391 cetera
627 4336 705 4404 legas
724 4337 898 4405 potissimum
918 4356 989 4408 qnae
1009 4340 1078 4394 dicit
1095 4345 1126 4404 ἕξ
1144 4340 1169 4408 7,
1190 4341 1231 4409 19,
1250 4343 1292 4411 24,
1312 4347 1354 4416 28,

224 4428 311 4482 31.*
331 4424 421 4476 Etiam
440 4425 550 4477 nomina
569 4425 735 4492 scriptorum
754 4427 864 4480 illorum
883 4432 1090 4496 commemorat,
1108 4429 1149 4482 sio
1167 4433 1181 4494 5
1200 4431 1216 4483 6
1235 4431 1354 4500 (Καλλι-
