3280 5190
872 504 907 562 52

423 680 513 757 Atqui
537 678 738 761 xiphilinus1)
761 682 870 742 Verum
887 682 1060 743 Antiochiae
1083 682 1189 742 multas
1202 683 1302 759 copias
1319 681 1461 757 coegisse

319 797 494 874 optimisque
529 795 652 856 ducibus
686 815 770 857 usum
808 815 873 858 csse
911 797 1011 857 tradit.
1058 797 1140 857 Haec
1168 793 1282 858 etiamsi
1316 795 1461 858 refellere

317 913 405 972 nolim
429 928 524 987 neque
547 912 667 990 possim,
692 915 789 973 tamen
811 910 936 974 fortasse
951 913 1019 973 licet
1043 909 1198 993 suspicari,
1221 913 1304 972 illum
1327 914 1460 974 honesta

301 1028 403 1104 quasi
440 1027 681 1106 praescriptione,
719 1034 751 1086 ut
781 1023 887 1107 dicam,
922 1029 1016 1104 ipsam
1050 1047 1110 1088 rem
1141 1029 1315 1089 occultasse.
1363 1027 1459 1100 Quod

315 1142 502 1202 verisimilius
536 1142 661 1222 videtur,
701 1138 726 1203 si
762 1145 896 1221 proxima
933 1145 995 1204 eius
1022 1145 1113 1205 verba
1142 1146 1327 1221 respexeris:
1367 1140 1459 1204 addit

316 1257 402 1334 enim,
427 1255 535 1316 Verum
560 1256 654 1332 ipsum
678 1257 708 1316 iu
730 1258 802 1318 urbe
824 1260 1010 1338 remansisse,
1033 1259 1142 1320 bellum
1165 1259 1267 1321 Cassio
1290 1260 1457 1337 gerendum

314 1370 481 1430 tradidisse.

422 1485 498 1548 Sane
520 1488 546 1546 si
575 1488 719 1548 evolveris
743 1488 919 1548 Frontonem
944 1493 1088 1549 oratorem
1117 1487 1299 1566 fratrumque
1322 1485 1453 1566 impera·

314 1605 408 1661 torum
438 1606 658 1678 praeceptorem
694 1598 866 1678 munerique
895 1604 981 1662 aulici
1012 1599 1253 1683 historiographi,
1282 1608 1315 1664 ut
1342 1605 1453 1685 dicum,

314 1734 342 1774 a.
366 1715 400 1775 L.
425 1716 503 1776 Vero
525 1718 734 1796 praepositum,
759 1717 796 1778 de
817 1717 867 1776 illc
891 1713 933 1776 nil
957 1721 1210 1778 commemoratum
1233 1719 1365 1780 invenies
1390 1716 1454 1779 nisi

313 1831 482 1891 laudabilia.
527 1831 643 1891 Laudat
655 1831 764 1891 Fronto
787 1831 897 1894 L.Veri
924 1835 1067 1920 „virtutes
1090 1832 1233 1893 bellicas“
1259 1838 1289 1893 et
1312 1835 1454 1895 militaria

312 1944 484 2025 facinorali,
509 1951 659 2022 comparat
682 1946 789 2006 bellum
802 1948 971 2006 Parthicum
985 1948 1105 2007 Traiani
1117 1949 1256 2023 auspiciis
1283 1947 1450 2008 conlectum

313 2080 378 2121 cum
406 2080 440 2122 eo
467 2062 546 2137 qnod
576 2062 610 2122 L.
638 2062 731 2121 Verus
760 2064 885 2138 gesserit
895 2060 928 2143 3),
968 2062 1177 2138 praedicatque
1210 2063 1351 2139 imprimis
1387 2064 1445 2124 cle-

312 2171 451 2236 mentiam
483 2172 683 2253 iustitiamque
711 2195 799 2252 quam
829 2177 924 2237 Verus
962 2176 1104 2236 adversus
1138 2176 1280 2237 barbaros
1309 2195 1381 2254 pree
1413 2197 1447 2240 se

311 2293 427 2369 tulerit3
451 2293 611 2352 Traianum
634 2311 705 2352 vero
728 2311 806 2352 more
830 2311 889 2351 non
912 2296 1051 2352 excusato
1074 2293 1321 2354 Parthamasirem
1345 2312 1445 2371 regem

312 2408 474 2483 supplicem
497 2409 678 2468 interemisse
687 2407 721 2486 4).
772 2407 843 2465 Rem
873 2410 957 2482 putat
985 2405 1133 2468 difficilem
1164 2413 1253 2484 atque
1285 2409 1444 2468 discrimen

311 2518 519 2600 periculosum,
551 2523 594 2596 (ut
618 2522 710 2596 ipsius
739 2524 805 2580 utar
832 2517 954 2602 verbis),
987 2525 1104 2592 „tantas
1134 2539 1182 2582 res
1212 2541 1230 2580 a
1257 2526 1285 2582 te
1321 2526 1442 2600 gestas“

313 2636 489 2714 describere,
522 2639 669 2711 ,quantas
703 2639 732 2694 et
762 2634 893 2694 Achilles
924 2637 1052 2714 gessisse
1087 2640 1207 2711 cuperet
1238 2640 1267 2697 ct
1298 2637 1444 2698 Homerus

310 2747 529 2824 scribsisse“⁵).
580 2749 740 2825 Praecipae
776 2749 878 2808 laudat
912 2745 1097 2826 disciplinam
1126 2769 1153 2809 a.
1184 2749 1219 2810 L.
1250 2751 1328 2811 Vero
1363 2753 1443 2829 apud

309 2867 415 2926 milites
447 2865 621 2943 restitutam,
647 2864 837 2941 depingitque
867 2865 1063 2930 acerbissimis
1093 2865 1192 2925 verbis
1220 2884 1314 2926 mores
1345 2887 1442 2927 corru-

317 2976 471 3056 ptissimos
495 2999 530 3039 ac
553 2979 776 3059 perditissimos,
800 2979 907 3055 quibus
931 2983 998 3040 ante
1022 2980 1100 3038 illius
1124 2980 1280 3040 adventum
1300 2984 1445 3043 exercitus

307 3096 336 3155 in
360 3095 446 3174 Syria
467 3095 592 3155 traditus
623 3093 720 3155 luerit.
767 3095 852 3154 Tunc
881 3098 977 3154 autem
994 3099 1091 3155 vetere
1120 3091 1276 3172 disciplina
1302 3102 1441 3158 revocata

307 3212 344 3271 ad
367 3211 471 3272 bouem
494 3209 607 3288 frugem
632 3211 790 3270 exercitum
815 3228 879 3270 esse
903 3227 1075 3271 conversum
1086 3212 1118 3284 6).

414 3340 441 3406 1)
461 3339 515 3393 Dio
535 3339 621 3404 Cass,
641 3337 707 3405 epit,
727 3337 775 3392 lib.
794 3339 837 3405 71,
856 3355 880 3392 c.
900 3343 924 3394 2.

413 3429 441 3497 2)
460 3428 496 3480 ad
516 3429 619 3481 Verum
638 3427 666 3479 ll
680 3429 703 3494 1,
723 3443 749 3494 p.
765 3427 816 3482 120
834 3427 935 3482 Naber.

412 3519 440 3584 3)
459 3515 550 3570 Princ.
569 3514 665 3568 histor.
679 3531 706 3582 p.
721 3516 772 3571 204
785 3515 891 3570 Naber:
918 3516 1012 3583 „Bella
1030 3517 1116 3586 igitur
1135 3516 1191 3570 duc
1210 3516 1328 3569 maxima
1341 3531 1356 3569 a
1369 3515 1436 3570 duo-

304 3608 357 3661 bus
382 3606 507 3660 meximis
532 3604 747 3673 imperatoribus
772 3603 919 3658 adversum
948 3604 1066 3658 Parthos
1096 3611 1192 3659 nostra
1218 3606 1350 3660 memoria
1377 3605 1436 3674 pari

305 3700 407 3752 eventu
426 3694 528 3749 bellata
547 3693 718 3748 contendere
735 3693 808 3747 inter
827 3707 889 3747 sese
909 3709 960 3761 pro
981 3694 1069 3761 copiis
1088 3694 1223 3764 cuiusque
1237 3693 1316 3748 ducis
1330 3699 1358 3750 et
1370 3699 1437 3748 tem·

303 3784 419 3854 poribus
439 3798 567 3852 pergam:
599 3781 673 3836 hand
701 3783 823 3851 ignarus,
852 3780 934 3835 fortia
958 3781 1082 3836 facinora
1107 3783 1259 3838 viventium
1284 3784 1436 3853 gravatius,

303 3883 474 3928 mortuorum
493 3871 599 3941 gratius
619 3871 722 3940 accipi:
742 3869 831 3925 foueri
850 3871 1016 3938 praeteritis,
1036 3871 1156 3926 invideri
1174 3873 1376 3940 praesentibus.

408 3963 437 4030 4)
456 3960 548 4014 Princ.
567 3959 630 4012 hiat.
650 3975 713 4029 pag.
736 3963 788 4016 209
807 3958 909 4014 Naber.
924 3991 957 3998 —
976 3959 1019 4013 De
1039 3959 1086 4012 illo
1106 3976 1173 4029 rege
1192 3960 1344 4016 Armeniae
1364 3961 1434 4016 eius-

302 4067 357 4121 que
375 4054 465 4103 morte
490 4047 540 4101 cfr.
565 4047 646 4101 etiam
666 4049 781 4115 Eutrop.
801 4048 915 4115 V11123
945 4047 1130 4116 Diooa,18;
1161 4048 1305 4104 Dierauer.
1324 4050 1342 4103 l.
1365 4067 1388 4104 c.
1406 4067 1433 4117 p.

302 4140 354 4194 162
367 4153 388 4191 s.
402 4138 477 4205 (cum
496 4138 616 4204 annot.);
635 4135 756 4205 Spiegel.
775 4136 793 4190 l.
807 4153 830 4190 c.
844 4153 871 4204 p.
887 4137 945 4192 173.

408 4225 435 4290 5)
454 4223 522 4277 ibid.
541 4239 567 4291 p.
588 4226 647 4278 202.

407 4313 435 4378 6)
455 4310 592 4380 Imprimis
615 4310 783 4366 observandi
809 4317 874 4365 suut
898 4310 953 4366 loci
971 4310 1012 4365 hi:

406 4401 569 4459 advenum
595 4401 622 4454 ΙΙ
648 4402 661 4453 1
688 4403 726 4470 (p.
747 4401 798 4456 128
817 4400 935 4469 Nabcr):
966 4399 1130 4468 „Exercitus
1153 4397 1204 4454 tibi
1230 4399 1348 4453 traditus
1374 4402 1433 4454 erat
