3280 5190
693 923 869 1011 &wll

400 1092 564 1168 Quaeritur
583 1091 656 1158 quld
674 1091 757 1146 bello
776 1090 924 1146 Purtlrlco
943 1089 985 1144 slt
1004 1089 1155 1145 ellectum.

314 1273 380 1366 Jsm
403 1292 473 1333 vero
496 1276 619 1348 quaerat
641 1273 797 1350 quispiam,
829 1271 899 1347 quid
922 1271 1039 1331 tandem
1066 1270 1144 1332 bello
1168 1270 1341 1334 Armeniaeo

216 1389 353 1449 Parthico
378 1390 512 1449 effectum
539 1390 586 1446 sit.
640 1387 812 1447 Rectissime
835 1386 951 1462 quidem
974 1386 1341 1470 observatSpiegelius1),

211 1504 386 1563 Parthorum
426 1505 485 1562 vim
515 1503 602 1563 valde
632 1521 696 1562 esse
734 1503 924 1562 imminutam.
994 1498 1051 1560 Sed
1082 1511 1118 1562 ex
1148 1503 1342 1578 scriptoribus

211 1618 321 1693 aliquid
355 1619 428 1679 certi
457 1636 590 1694 promere
614 1617 733 1677 difficile
758 1621 811 1676 est.
858 1617 934 1676 Nam
966 1634 1031 1676 eum
1060 1617 1226 1694 triumphus
1257 1637 1343 1694 quem

211 1752 238 1792 a.
264 1735 327 1792 166
352 1734 386 1792 L.
400 1705 504 1793 ¹Verus
527 1734 563 1794 de
587 1733 721 1793 hostibus
744 1733 830 1792 vietis
861 1733 921 1807 egit
946 1749 1090 1807 nusquam
1122 1730 1182 1792 fere
1202 1750 1259 1792 non
1283 1737 1339 1794 tra·

212 1849 307 1928 datur,
332 1853 361 1908 et
384 1849 419 1909 de
442 1851 524 1925 pacis
549 1847 768 1909 condicionibus
792 1852 821 1907 et
843 1847 879 1907 de
901 1847 1063 1907 rationibus
1086 1865 1162 1923 quae
1177 1849 1208 1907 in
1230 1851 1341 1910 oriente

212 1964 288 2024 bello
319 1963 450 2024 consecto
474 1965 563 2022 initae
587 1963 655 2042 sint,
694 1962 804 2021 nullum
835 1980 928 2039 prope
951 1961 1030 2020 aliud
1053 1964 1251 2022 testimonium
1274 1981 1339 2038 pro-

212 2077 289 2140 ferre
319 2081 388 2139 licet
418 2098 505 2155 quam
535 2098 630 2156 pauca
657 2080 708 2139 illa
730 2081 821 2140 rerba
848 2080 1005 2157 Capitolini
1014 2079 1056 2160 2):
1095 2077 1247 2152 „confecto
1270 2095 1341 2137 naue

214 2192 291 2252 bello
323 2210 415 2270 regna
443 2193 571 2272 regibus,
602 2195 770 2269 prouincias
808 2213 878 2254 vero
910 2193 1061 2254 comitibus
1097 2195 1158 2253 suis
1197 2193 1341 2270 regendas

110 2297 113 2304 ¹
156 2303 161 2308 ’
210 2307 322 2367 dedica
359 2308 456 2382 Atque
472 2308 619 2368 Armeniis
640 2308 794 2369 Soaemum
817 2327 915 2386 regem
938 2325 1004 2368 esse
1026 2309 1170 2370 redditum
1194 2309 1242 2368 vel
1264 2326 1341 2367 anno

213 2425 287 2501 164,
311 2429 343 2483 ut
366 2441 455 2499 supra
478 2426 665 2501 exposuimus
676 2425 710 2507 3),
734 2427 828 2486 numis
853 2427 1004 2486 evincitur.
1051 2425 1108 2486 Sed
1131 2422 1340 2485 terramillam

211 2541 337 2599 nondum
368 2537 457 2598 fuisse
489 2543 627 2616 pacatam
657 2541 740 2601 testis
771 2545 815 2601 est
839 2541 905 2601 Dio.
952 2541 1090 2618 Legimus
1114 2538 1223 2621 enim4)
1248 2542 1340 2597 satra-

211 2673 277 2731 pam
301 2655 444 2730 quendam
469 2657 584 2715 nomine
609 2656 788 2736 Teridatem,
814 2658 947 2732 quamvis
971 2675 1062 2715 novas
1085 2673 1131 2716 res
1155 2656 1185 2713 in
1203 2655 1342 2714 Armenia

213 2771 339 2851 molitus,
364 2773 461 2831 occiso
483 2788 552 2848 rege
576 2771 793 2831 Heniochorum
819 2772 972 2848 —gentis
995 2771 1025 2830 in
1046 2771 1096 2830 illa
1117 2771 1236 2846 regione
1259 2763 1340 2828 babi-

211 2881 302 2944 tuntis
331 2921 372 2928 -
404 2887 546 2946 adversus
577 2887 671 2961 ipsum
702 2886 809 2945 Verum
839 2886 1043 2945 destrinxisset
1066 2885 1206 2962 gladium,
1246 2888 1342 2943 tamen

213 2999 250 3059 ab
280 3001 453 3076 imperatore
482 3003 581 3060 Marco
610 3021 667 3060 uon
698 3005 790 3060 morte
819 3001 982 3079 multatum,
1019 2999 1070 3058 sed
1100 3001 1130 3058 in
1161 2999 1341 3058 Britanniam

213 3133 277 3175 esse
302 3115 497 3191 deportatum.
515 3116 669 3190 -Atque
692 3117 765 3175 haee
788 3115 904 3190 quidem
929 3131 976 3174 res
1000 3116 1068 3189 qnia
1092 3134 1109 3174 a
1132 3115 1226 3173 Dione
1249 3113 1344 3172 obiter

213 3232 376 3306 cursimque
410 3235 522 3290 tantum
552 3234 699 3310 namstur,
735 3235 766 3289 ut
797 3231 888 3288 Marci
918 3231 947 3287 in
971 3230 1069 3288 hostes
1101 3230 1130 3287 et
1159 3229 1188 3286 in
1210 3223 1343 3287 inimicos

214 3346 398 3406 clementiam·
418 3346 687 3424 indulgentiamque
711 3346 818 3421 insigni
842 3345 939 3420 aliquo
968 3345 1101 3419 exemplo
1125 3343 1258 3422 illustret,
1283 3362 1343 3418 quo

213 3464 342 3538 tempore
365 3461 504 3520 acciderit
527 3447 584 3520 non
609 3461 679 3520 satis
703 3465 800 3536 potest
817 3460 957 3536 expediri.
1005 3459 1116 3519 Tamen
1129 3455 1159 3518 in
1174 3460 1343 3518 narratione

215 3578 266 3636 illa
284 3577 386 3636 Dionis
411 3577 436 3634 si
459 3593 556 3636 rerum
580 3591 707 3635 conexus
728 3580 860 3634 servatus
885 3579 939 3653 est,
963 3591 1083 3634 resnou
1105 3576 1146 3634 ita
1162 3574 1252 3632 multo
1277 3578 1344 3633 ante

214 3696 335 3752 motum·
352 3690 524 3751 Cassianum
557 3691 690 3750 evenisse
720 3693 808 3765 atque
831 3688 925 3750 Verus
956 3689 1006 3750 ille
1036 3690 1086 3764 qui
1113 3691 1278 3749 nominatur
1300 3683 1342 3747 in·
1427 3751 1429 3758 ,

215 3942 343 3997 Ceterum
362 3942 550 4011 Hieronymus
575 3937 750 4007 triumphum¹
771 3937 825 3992 iam
849 3954 920 3992 anno
946 3937 1043 4007 quinto
1062 3937 1147 3992 Marci
1169 3934 1345 4006 imperatoris

215 4031 384 4086 celebratum
403 4044 465 4085 esse
485 4029 577 4082 tradit.

322 4145 616 4214 rmcmsma

274 4281 276 4286 ·
323 4245 339 4298 2
370 4243 418 4296 vit.
432 4235 507 4296 'Veri
526 4259 549 4296 e.
570 4243 594 4310 7,
614 4244 639 4296 8.

327 4367 331 4372 ·
371 4357 397 4408 p.
418 4341 492 4394 tte.

369 4437 547 4505 mwmc
