3280 5190
794 522 828 587 33

247 721 275 766 a
299 723 330 782 p.
354 702 422 766 Chr.
447 705 489 767 54
513 705 639 769 Corbulo
652 711 673 784 ¹)
695 710 868 772 obtinebant
879 712 912 786 ²).

355 820 567 899 Comprobatnr
590 824 663 884 haec
687 827 831 889 sententia
860 845 937 903 quae
960 827 1064 888 Dionis
1087 829 1117 890 et
1138 826 1310 892 Philostrati
1334 825 1376 888 ni-

247 923 318 995 tItur
340 938 514 998 testimoniis
538 933 572 998 eo
592 939 671 1015 quod
694 933 812 1000 Cassius
836 941 917 1002 etin
948 941 1084 1018 Aegypto
1095 938 1119 1024 ³)
1150 947 1179 1002 et
1206 945 1237 1003 in
1266 943 1378 1004 Arabia

246 1055 276 1111 et
298 1053 328 1111 in
350 1052 490 1113 Armenia
512 1052 621 1113 bellum
644 1055 771 1130 gessisse
794 1054 920 1115 traditur
929 1055 963 1130 ¹¹).
988 1056 1192 1118 Verumtamen
1217 1058 1375 1118 observan-

246 1163 314 1225 dum
336 1169 392 1246 est,
415 1169 565 1244 propriam
581 1167 676 1229 Cassii
698 1165 878 1246 provinciam
901 1168 992 1230 luisse
1009 1171 1122 1246 Syriam
1133 1172 1155 1246 ⁵)
1179 1169 1376 1250 finitimasque

165 1315 170 1323 -
246 1282 424 1362 morineias,
455 1282 523 1343 dum
553 1283 602 1342 ille
633 1300 751 1344 munere
774 1281 962 1364 fungebatur,
1002 1303 1070 1346 suos
1098 1288 1234 1363 proprios
1260 1289 1376 1364 legatos

245 1395 392 1458 habuisse.
437 1396 558 1485 Constat
580 1399 656 1458 enlm
679 1395 817 1458 Martium
840 1398 948 1459 Verum
970 1403 1040 1459 tunc
1064 1399 1269 1477 Cappadociae
1291 1421 1375 1479 prae-

243 1507 335 1570 fuisse
359 1511 556 1588 Aegyptoque
578 1511 759 1589 praetectum
782 1512 873 1574 tuisse
895 1514 1031 1574 Flavium
1054 1513 1266 1592 Calvisiuml).

352 1667 380 1734 1)
399 1665 448 1720 cfr.
458 1667 526 1720 Tac.
539 1681 601 1720 ann.
614 1665 684 1720 XIII
696 1668 727 1722 8:
748 1665 824 1735 quod
842 1667 993 1722 Domitium
1007 1668 1194 1724 Corbulonem
1212 1667 1375 1723 retinendae

243 1751 395 1809 Armeniae
419 1760 620 1823 praeposuerat
644 1755 909 1825 videbaturque
934 1755 1037 1812 locus
1061 1757 1260 1812 virtutibus
1278 1762 1371 1826 pate-

242 1843 367 1897 factus.
395 1844 500 1912 Copiae
512 1845 626 1900 atlantis
637 1845 676 1899 ita
688 1845 859 1914 dividuntur,
878 1850 909 1899 ut
921 1862 985 1915 pars
999 1846 1171 1900 auxiliarium
1181 1863 1244 1900 curn
1263 1846 1373 1901 duabus

242 1932 401 2002 legionibus
420 1933 495 2002 apud
519 1935 690 2002 provinciam
710 1933 818 1988 Suriam
843 1940 871 1989 et
894 1936 1017 2004 legatum
1039 1936 1099 1990 eius
1118 1935 1288 2001 Quadratum
1307 1937 1372 1990 Vm-

241 2020 355 2074 midium
378 2025 542 2090 remaneret,
571 2023 641 2089 par!
665 2022 794 2076 civium
823 2023 1075 2092 sociorumque
1106 2039 1267 2078 numerus
1293 2023 1371 2078 Cor-

241 2109 359 2164 buloni
383 2115 486 2180 esset,
514 2110 648 2164 additis
678 2110 885 2165 cohortibus
911 2112 1052 2180 alisque,
1077 2128 1164 2181 quae
1187 2113 1221 2166 in
1241 2111 1370 2180 Cappa-

242 2198 347 2252 docia
365 2197 592 2254 hiemabant“.
612 2230 645 2238 -
664 2198 702 2253 ib.
719 2202 772 2255 c.9
791 2199 843 2252 fin:
865 2203 1000 2266 ‚asstante
1020 2204 1119 2255 contra
1137 2199 1297 2255 Corbulone
1316 2217 1372 2254 non

240 2287 318 2356 prius
338 2327 468 2340 .......
481 2303 563 2356 quam
581 2287 659 2355 ipse
679 2287 745 2340 dux
763 2287 858 2342 bello
878 2287 1039 2342 delectus
1058 2303 1122 2356 spes
1143 2287 1202 2341 eius
1221 2287 1256 2340 ad
1269 2294 1372 2343 metum

240 2380 385 2430 mutaretu.

347 2467 375 2534 2)
394 2468 487 2534 Legae
506 2480 612 2534 quaeso
631 2480 702 2534 quae
721 2464 833 2533 scripsit
850 2463 942 2531 Kuhn,
961 2453 1030 2532 l.'o.‚
1048 2465 1077 2518 ΙΙ
1096 2481 1123 2532 p.
1143 2466 1209 2520 185:
1240 2465 1308 2532 „Die
1327 2469 1371 2520 rii·

243 2552 345 2609 mische
365 2553 533 2609 Ceschichte
551 2553 640 2608 bietct
658 2553 737 2621 dazu,
771 2553 837 2606 dass
860 2551 985 2606 mehrcre
1004 2552 1067 2606 dem
1085 2553 1196 2622 Bcgriff
1211 2551 1282 2606 nach
1300 2554 1372 2609 selb—

241 2642 370 2712 stiindige
388 2642 545 2696 Provinnen
564 2639 799 2710 voriibergehend
817 2645 900 2696 unter
918 2640 1015 2693 Einem
1028 2639 1190 2695 Statthalter
1208 2641 1374 2696 verbunden

241 2731 312 2800 sind,
331 2731 485 2786 zahlreiche
504 2732 610 2799 Belege
630 2731 705 2784 dar“.
719 2761 753 2772 -
772 2729 933 2798 Sequuntur
953 2729 1087 2796 exempla.

346 2822 374 2888 3)
393 2820 448 2874 Dio
468 2820 510 2887 71,
526 2820 556 2887 43
576 2818 724 2886 CapiioIIn.
742 2818 827 2872 Marc.
847 2834 872 2870 c.
892 2818 934 2872 21.

345 2908 375 2974 4)
394 2907 443 2960 vit.
462 2905 550 2961 Avid.
569 2907 646 2962 Cass.
663 2923 686 2960 e.
706 2909 731 2962 6.
1063 2943 1065 2946 -

346 2995 374 3062 5)
392 2994 559 3063 Appellatur
575 2997 808 3062 nosceretis
826 2995 1030 3062 Σεβαστῶν
1051 2992 1371 3066 ἄνιιστροίιηγοςι

240 3083 339 3138 Wadd.
358 3087 441 3153 2325,
460 3084 509 3138 cfr.
529 3086 607 3152 2331,
627 3084 710 3150 25283
731 3081 928 3138 dnaraxo'r:
947 3080 1048 3134 Wadd.
1059 3084 1137 3150 2212,
1153 3083 1231 3150 2237,
1248 3084 1370 3140 2438.-

238 3172 335 3242 Atque
353 3173 430 3241 prior
448 3172 598 3241 appellatio
616 3171 714 3226 eadem
734 3175 778 3225 est
796 3185 866 3240 quae
879 3169 963 3224 latine
977 3169 1140 3238 exprimitur
1160 3170 1207 3237 „le
1213 3189 1240 3240 g.
1258 3173 1336 3244 Aug
1342 3191 1370 3244 g.

238 3279 283 3330 pr.
296 3263 371 3330 pr.“;
391 3263 534 3318 enarraris
551 3277 620 3315 vero
641 3265 684 3314 est
701 3261 725 3313 is
745 3276 827 3330 quem
845 3259 923 3313 latini
941 3259 1039 3313 dieunt
1057 3259 1292 3315 consularem.
1312 3263 1369 3318 Cfr.

236 3350 337 3405 Wadd.
357 3349 393 3404 ad
410 3366 437 3403 n.
456 3351 541 3418 22123
560 3350 721 3418 Marqnardt
739 3351 792 3418 Ip.
812 3351 873 3405 408.
902 3349 1056 3403 Decurtata
1074 3352 1167 3402 autem
1186 3354 1230 3402 est
1247 3351 1368 3418 appella-

235 3440 275 3492 tio
292 3439 380 3509 legati
398 3438 525 3508 Augusti
552 3439 600 3508 qui
629 3439 775 3493 consulatu
805 3443 848 3494 est
875 3438 995 3506 functus,
1023 3452 1055 3490 ac
1081 3436 1193 3505 saepius
1218 3437 1303 3492 obvia
1326 3446 1370 3494 est

235 3528 300 3583 inde
319 3544 336 3582 a
354 3527 469 3582 secundi
488 3545 516 3595 p.
535 3527 598 3582 Chr.
618 3527 724 3582 saeculi
741 3533 820 3596 parte
840 3526 1005 3595 posteriore.
1025 3558 1059 3566 -
1078 3524 1135 3580 Cfr.
1155 3525 1237 3580 etiam
1256 3526 1311 3580 Dio
1325 3529 1371 3597 71,

236 3618 285 3672 31:
305 3617 338 3686 „o‘
356 3621 489 3674 Κάσσιος
509 3619 541 3669 ἐν
559 3619 591 3685 τῇ
609 3619 705 3685 Συρίᾳ
725 3621 776 3679 τήν
790 3613 914 3684 rruaptde
933 3612 1024 3666 oo’rori
1036 3613 1143 3682 ἐχούσῃ
1155 3613 1369 3685 ἡγεμονεύωνίί,

235 3736 268 3744 -
287 3703 446 3761 Notandum
470 3707 520 3772 est,
548 3703 721 3772 provinciam
746 3703 862 3772 Syriam,
891 3701 1012 3756 omniurn
1041 3716 1132 3768 prope
1158 3699 1368 3774 nobilissimam,

234 3809 343 3863 semper
362 3793 578 3847 administratam
598 3809 661 3848 esse
680 3809 696 3847 a
714 3793 782 3847 viris
801 3793 1007 3847 consularibus:
1027 3791 1077 3846 eir.
1096 3793 1163 3844 Tac.
1183 3787 1256 3860 Agr.
1275 3808 1299 3844 c.
1316 3794 1365 3848 40:

236 3923 248 3950 „
270 3925 276 3936 .
297 3924 303 3937 .
324 3925 330 3935 .
350 3923 356 3935 .
377 3881 484 3937 Suriam
503 3880 675 3948 provinciam
699 3879 855 3950 Agricolae
883 3880 1024 3947 destinari,
1051 3893 1168 3932 vacuam
1193 3884 1252 3933 tum
1277 3886 1367 3936 morte

232 3971 309 4026 Atilii
327 3970 391 4024 Rufi
412 3969 565 4038 consularis
584 3974 613 4023 et
630 3969 826 4024 maioribus
845 3969 1088 4024 reservatam“.
1108 3997 1141 4007 —
1161 3967 1281 4036 Capitol.
1300 3971 1365 4026 Per-

232 4057 280 4114 tin.
299 4076 323 4113 c.
343 4063 359 4114 2
377 4059 424 4113 fin.
432 4077 440 4118 ε,
458 4100 474 4128 ‚,
494 4099 500 4112 .
521 4099 527 4112 .
547 4099 553 4112 .
572 4059 644 4113 bene
664 4059 752 4128 gestis
771 4058 814 4113 his
833 4057 985 4126 provinciis
1004 4057 1139 4126 Syriam
1162 4059 1316 4113 meruit‘.
1330 4090 1364 4100 -

232 4147 288 4203 Clr.
307 4147 392 4200 Kuhn
410 4146 427 4201 l.
447 4164 471 4200 o.
489 4147 516 4201 II
535 4164 562 4214 p.
577 4149 641 4216 1793
665 4147 827 4216 Mar-quardt
844 4149 858 4201 I
877 4165 904 4216 p.
924 4147 991 4214 2583
1018 4147 1171 4200 Mommsen
1189 4147 1248 4202 Res
1266 4153 1364 4216 gestae

231 4235 289 4290 divi
306 4235 384 4304 Aug.
403 4251 430 4303 p.
445 4236 496 4290 112
515 4239 585 4289 extr.

337 4327 365 4392 6)
385 4324 439 4378 Dio
459 4325 501 4392 71,
525 4327 567 4379 23.
587 4325 630 4379 28.
649 4355 682 4364 -
701 4323 831 4379 Similiter
856 4340 901 4379 res
927 4339 957 4377 se
982 4322 1174 4378 habebat'sub
1195 4324 1363 4382 Germanico

231 4418 259 4468 et
277 4413 329 4468 sub
354 4397 528 4468 Corbulone:
560 4413 613 4468 sub
638 4412 691 4466 hoo
712 4413 784 4468 enim
803 4413 884 4483 Syria
903 4411 1148 4468 administrabatur
1166 4413 1202 4468 ab
1222 4415 1363 4469 meidio

1187 4507 1204 4564 3
