3280 5190
726 1843 831 1935 taust
856 1848 876 1918 Ι.

321 1987 381 2042 Ros
399 1986 470 2042 lude
489 2003 507 2042 a
524 1987 657 2042 'l'ralano
675 1988 827 2055 usquead
848 1989 889 2041 II.
907 1987 1065 2042 Aurelium
1083 1987 1268 2043 Antoninum

466 2087 498 2139 in
517 2085 638 2141 oriente
654 2084 761 2151 gestae
778 2084 918 2140 breviter
935 2084 1134 2139 enarrantur.

337 2249 355 2326 ἓ
381 2253 410 2308 1.
446 2251 619 2310 Parthorum
634 2267 726 2326 regno
742 2249 830 2324 plane
846 2248 977 2328 subacto,
1001 2247 1140 2309 Armenia
1157 2249 1369 2326 Mesopotamia

235 2361 359 2439 Assyria
389 2367 419 2424 iu
449 2363 572 2425 formam
603 2367 820 2442 provinciarum
848 2365 1043 2424 Romanarum
1076 2364 1246 2444 redactis1),
1284 2369 1367 2425 tauta

234 2475 289 2538 fuit
312 2480 456 2540 Traianus
486 2483 644 2557 imperator
673 2482 812 2541 victoriae
842 2481 950 2556 gaudio
977 2481 1081 2558 elatus,
1112 2484 1144 2540 ut
1173 2482 1367 2540 Romanorum

234 2612 379 2654 armorum
407 2597 530 2672 gloriam
559 2597 703 2672 singulari
730 2597 864 2672 exemplo
894 2599 923 2656 et
952 2596 1091 2655 militibus
1114 2597 1175 2655 suis
1198 2599 1227 2654 et
1249 2595 1367 2672 populis

233 2710 367 2771 barbaris
398 2711 551 2772 ostendere
579 2717 707 2786 cuperet.
769 2710 930 2768 Descendit
959 2710 1048 2786 igitur
1076 2710 1163 2768 olassi
1185 2709 1292 2768 illustri
1314 2728 1365 2786 ap-

234 2830 338 2901 paratu
361 2827 505 2886 instructa
517 2826 630 2902 Tigrim
653 2825 759 2886 flumen
782 2843 876 2900 usque
900 2824 938 2883 ad
962 2825 1055 2882 sinum
1067 2825 1226 2885 Persicum.
1237 2824 1260 2896 2)
1284 2823 1366 2896 Quae

233 2942 381 3017 navigatio
411 2941 545 3016 quamvis
573 2939 727 3016 praeclara
749 2938 848 3018 fuerit,
879 2942 976 2997 tamen
1006 2939 1172 3013 provincias
1196 2956 1366 3014 expugnare

233 3074 320 3130 quarn
343 3056 474 3115 obtinere
497 3053 612 3115 facilius
635 3072 700 3115 esse
724 3054 822 3114 statim
846 3050 911 3130 ipse
935 3057 1073 3129 expertus
1094 3056 1147 3112 est.
1199 3053 1276 3112 Nam
1300 3072 1365 3112 eum

233 3189 308 3246 quae
331 3171 463 3230 uoluerat
486 3170 604 3229 tandem
627 3173 779 3228 assecutus
810 3186 875 3228 esse
899 3168 954 3225 sibi
977 3167 1135 3245 videretur,
1166 3187 1184 3226 a
1205 3172 1289 3245 tergo
1313 3187 1364 3244 po·

233 3287 294 3360 puli
323 3304 397 3361 quos
433 3285 518 3343 modo
551 3288 743 3359 superaverat
772 3283 999 3342 rebellaverunt,
1044 3281 1207 3357 Imperator
1241 3302 1364 3359 propere

232 3401 361 3480 advolat,
401 3401 568 3459 Armeniam
598 3403 627 3458 et
657 3399 896 3474 Mesopotamiam
929 3399 1033 3455 iterum
1063 3397 1212 3456 Romanae
1240 3399 1363 3458 dicionis

232 3515 313 3594 facit,
337 3517 410 3592 ipsis
431 3516 549 3574 Parthis
572 3533 670 3590 regem
687 3515 737 3573 dat
752 3515 1025 3587 Parthamaspatem
1049 3513 1170 3587 eiusque
1189 3514 1278 3588 capiti
1302 3514 1363 3572 dia-

231 3631 316 3691 dema
348 3632 479 3706 imponit.
491 3631 514 3704 ³)
570 3629 634 3689 Nea
663 3633 770 3706 tamen,
809 3627 888 3702 quod
914 3628 944 3685 iu
968 3629 1044 3686 votis
1074 3631 1147 3706 erat,
1182 3633 1215 3686 ut
1242 3629 1362 3687 Romam

339 3787 366 3852 1)
385 3786 502 3851 Eutrop.
522 3784 591 3837 VIII
610 3785 640 3838 3:
665 3788 722 3837 tras
742 3781 900 3850 provincias
919 3781 993 3848 lecit,
1017 3780 1188 3848 Armeniam,
1207 3779 1363 3850 Assyriam,

232 3873 467 3942 Mesopotamiam.
478 3903 510 3910 ·-
531 3871 580 3926 ofr,
594 3872 763 3941 Marquardt,
781 3872 862 3925 Rom.
882 3869 1068 3938 Staatsverw.,
1087 3870 1109 3922 I.
1122 3886 1148 3938 p.
1163 3869 1214 3924 278
1234 3884 1256 3922 s.

338 3963 366 4029 2)
385 3961 439 4014 Dio
460 3961 536 4015 Casa.
554 3963 597 4028 68,
617 3961 665 4015 28:
697 3960 769 4012 ἑλών
787 3959 819 4012 <ir
837 3962 889 4022 τιίν
912 3964 1110 4027 Κτησιφῶντα
1130 3958 1314 4026 ἐπεθύμησεν
1334 3958 1363 4014 ἐς

231 4047 283 4114 {aa
301 4051 429 4117 ἐρυθραν
448 4049 603 4099 θάλασσαν
623 4049 837 4100 καταπλεῦσαι.

337 4137 365 4204 3)
384 4137 438 4191 Dio
463 4137 540 4191 Cass.
565 4138 606 4205 68,
626 4138 668 4192 30.
689 4134 744 4190 Cfr.
763 4151 876 4189 numum
899 4133 975 4202 apud
994 4131 1148 4187 Coheuium
1174 4130 1367 4199 conspicuum,

230 4227 293 4282 Vol.
313 4228 348 4294 Il,
372 4227 483 4298 Trajan,
502 4243 528 4280 n.
548 4227 608 4282 375.
622 4225 660 4264 '—
680 4225 722 4278 De
746 4223 974 4291 Parthamaspate
998 4220 1047 4274 ofr.
1073 4235 1143 4288 quae
1164 4224 1363 4288 exposuerunt.

230 4316 410 4382 Dierauerus‚
435 4316 498 4369 hist.
517 4315 628 4368 Traiani
647 4315 688 4382 (in
706 4313 878 4381 Buedingeri
896 4309 1149 4378 Untersuohuugen
1169 4325 1192 4361 n.
1212 4313 1279 4362 ro'm.
1297 4309 1362 4361 Kai-

230 4404 371 4474 sergeseh.
384 4405 409 4474 Ι)
429 4422 456 4472 p.
471 4406 521 4460 176
535 4419 556 4456 s.
568 4406 686 4472 (annot.)
701 4409 729 4456 et
741 4401 908 4469 Spiegelius,
918 4396 1280 4466 EratuAlterthumsknnde,
1301 4398 1364 4450 Vol.

229 4495 280 4562 III,
299 4496 377 4561 1878,
397 4510 424 4561 p.
438 4494 498 4548 177.

1240 4586 1255 4638 1
