3280 5190
792 566 827 621 29

249 741 361 806 victore
383 764 484 823 pacem
513 746 642 807 oblatam
664 762 729 806 esse
752 746 921 821 accipimus.
961 743 1044 817 Quae
1066 763 1131 803 oum
1158 746 1200 802 ita
1223 742 1292 820 sint,
1324 737 1378 798 dii-

249 859 324 920 ficile
347 863 393 920 est
417 863 555 939 statuere,
594 860 631 919 ab
661 863 727 920 utro
758 861 899 936 scriptore
929 877 990 920 rem
1019 861 1128 918 rectius
1154 875 1218 918 esse
1241 856 1379 917 traditam

249 975 412 1053 credamus,
447 993 542 1052 neque
573 975 630 1035 hoc
658 977 783 1054 constat,
829 979 924 1034 utrum
953 975 990 1034 de
1020 975 1129 1035 eisdem
1160 970 1380 1032 condicionibus

249 1085 338 1157 atque
361 1081 517 1158 colloquiis
540 1081 620 1158 apud
643 1086 799 1158 utrumque
822 1085 969 1142 auctorem
994 1084 1099 1159 agatur
1121 1098 1223 1143 necne.
1259 1079 1381 1156 Tamen,

249 1199 396 1272 uteunque
419 1213 466 1256 res
487 1213 518 1257 se
542 1197 670 1278 habent,
693 1199 760 1277 hoc,
783 1199 813 1256 ni
836 1197 939 1278 fallor,
970 1216 1024 1274 pro
1048 1199 1127 1256 certo
1151 1198 1280 1255 statuere
1302 1194 1381 1272 licet,

248 1313 331 1387 pacis
365 1312 551 1373 condiciones
577 1315 735 1389 temptatas
771 1309 889 1388 quidem
923 1329 988 1372 esse
1022 1311 1210 1390 aRomanis,
1241 1309 1293 1369 sed
1323 1326 1381 1368 uon

251 1425 390 1502 probatas
414 1445 433 1486 a
453 1427 582 1488 Parthis.
630 1425 727 1500 Quare
749 1429 865 1504 utrique
888 1428 919 1486 in
941 1427 1018 1487 bello
1041 1427 1275 1501 perseverarunt.

355 1536 374 1620 ξ
398 1541 428 1600 5.
475 1541 573 1618 Atque
594 1545 654 1602 tam
678 1546 796 1603 strenue
829 1561 848 1602 a
870 1541 1009 1601 Romanis
1030 1536 1200 1600 dimicatum
1223 1555 1287 1600 esse
1315 1555 1381 1596 ceu-

249 1656 371 1716 sendum
394 1661 449 1736 est,
481 1661 515 1718 ut
536 1658 655 1718 taudem
686 1659 786 1719 hostes
818 1662 1036 1736 superarentur,
1072 1656 1197 1732 licetque
1227 1653 1381 1731 suspicari,

250 1769 404 1833 discrimen
428 1772 499 1834 belli
521 1773 680 1834 adductum
701 1791 767 1834 esse
791 1773 923 1834 Seleucia
944 1772 1017 1833 urbe
1048 1775 1135 1848 capta
1159 1772 1188 1831 et
1210 1787 1277 1830 arce
1300 1768 1382 1844 regia

249 1885 448 1964 Ctesiphontis
476 1889 654 1948 inflammata
681 1905 855 1964 exustaque.
882 1921 922 1932 --
947 1887 1107 1950 Seleuciam
1138 1889 1235 1946 autem
1266 1886 1381 1960 captam

249 2019 314 2062 esse
348 2020 448 2063 omnes
480 2001 542 2064 iere
579 2007 805 2064 commemorant
840 2003 892 2079 qui
921 2003 957 2064 de
992 2002 1049 2062 hoc
1083 2001 1160 2062 bello
1190 2001 1380 2076 scripserunt.

248 2115 353 2194 Neque
380 2119 465 2178 nimis
490 2119 654 2198 miraberis,
689 2118 895 2198 Capitolinum,
930 2135 1108 2195 quamquam
1138 2117 1264 2176 omnium
1294 2131 1379 2174 accu-

245 2233 391 2293 ratissime
419 2233 575 2308 oportebat
595 2252 661 2294 eum
692 2250 754 2292 rem
782 2237 919 2313 tractare,
959 2251 1019 2308 qua
1061 2236 1139 2292 esset
1176 2231 1374 2309 neglegentia,

249 2346 356 2407 leviter
384 2365 419 2406 ac
444 2349 529 2422 quasi
558 2348 589 2407 in
611 2349 738 2408 transitu
760 2367 821 2409 rem
843 2348 990 2425 attigisse.
1037 2346 1142 2406 Tradit
1171 2346 1279 2420 enim¹l
1303 2346 1379 2405 luem

248 2480 284 2522 ac
318 2463 513 2538 pestilentiam
542 2481 559 2523 e
595 2463 729 2524 Seleucia
762 2467 853 2542 capta
890 2465 984 2540 primo
1020 2482 1074 2540 per
1111 2463 1261 2542 orientem,
1313 2465 1380 2537 post

248 2572 336 2638 etiam
369 2597 424 2654 per
458 2575 636 2639 occidentem
669 2580 804 2639 diffusam
837 2581 934 2639 omnia
967 2579 1092 2655 denique
1125 2577 1264 2638 animalia
1291 2577 1379 2637 corri-

248 2691 358 2772 puisse,
394 2692 573 2769 adnotatque
608 2689 659 2754 ille
695 2695 833 2774 scriptor,
866 2694 983 2769 culpam
1024 2693 1119 2752 morbi
1153 2693 1240 2771 longe
1263 2693 1381 2767 lateque

249 2805 348 2866 dislati
387 2825 445 2868 nou
486 2807 702 2868 attribuendam
737 2827 801 2870 esse
816 2791 821 2798 ’
839 2808 874 2867 L.
906 2807 994 2888 Vero,
1041 2808 1091 2867 sed
1123 2808 1236 2888 Cassio,
1273 2826 1292 2866 a
1321 2824 1380 2882 quo

248 2921 319 2980 urbs
342 2925 429 2998 capta
452 2923 505 3002 sit,
528 2941 628 2984 verum
659 2924 737 3000 apud
761 2925 841 3000 ipsos
864 2929 980 2987 veteres
1009 2921 1128 2982 dubium
1158 2921 1260 3002 tuisse,
1284 2925 1382 2981 utrum

249 3035 331 3116 urbs,
360 3054 437 3112 quae
467 3055 532 3097 eum
560 3056 668 3115 graeca
700 3042 778 3100 esset
800 3041 947 3101 Romanos
980 3045 1014 3100 ut
1043 3041 1152 3099 amicos
1176 3041 1342 3116 exceperat,
1365 3057 1384 3096 a

250 3150 350 3212 Cassio
374 3156 476 3214 contra
498 3151 585 3214 fidem
607 3156 685 3214 esset
697 3153 794 3214 diruta
817 3173 853 3214 an
876 3153 1074 3216 aSeleuoenis
1097 3155 1170 3230 ipsis
1189 3151 1262 3214 fides
1285 3152 1380 3212 laesa:

249 3269 326 3327 hanc
348 3268 424 3329 enim
446 3285 510 3328 esse
533 3269 706 3329 sententiam
730 3267 884 3350 Quadrati,
907 3269 1059 3346 scriptoris
1082 3268 1152 3329 belli
1174 3267 1314 3328 Parthici.

352 3380 488 3446 Omnium
510 3384 728 3445 accuratissime
752 3384 788 3446 de
812 3386 864 3446 illa
886 3403 918 3458 re
942 3387 1097 3462 scripsisse
1120 3383 1263 3445 concedes
1279 3383 1381 3459 Xiphi-

249 3498 350 3558 liuum.
396 3498 500 3559 Tradit
508 3495 532 3581 l)
555 3498 761 3580 Vologaesum,
789 3501 922 3561 relictum
946 3521 965 3560 a
986 3502 1073 3562 sociis
1097 3504 1126 3560 et
1146 3499 1340 3579 recedentem,
1365 3517 1382 3558 a

251 3612 352 3674 Cassio
377 3613 416 3675 ad
445 3615 606 3676 Seleuciam
641 3618 730 3692 atque
763 3614 982 3692 Ctesiphontem
1012 3633 1105 3692 usque
1138 3613 1271 3692 iugatum
1305 3632 1380 3696 esse,

249 3732 311 3788 tum
340 3729 503 3790 Seleuciam
526 3731 674 3790 incensam
698 3731 892 3812 deletamque,
922 3748 1018 3792 arcem
1047 3732 1159 3808 regiam
1182 3729 1382 3806 Ctesiphontis

250 3844 377 3905 excisam
407 3848 436 3904 et
466 3861 607 3907 euersam.
660 3843 773 3918 Quibus
797 3846 885 3907 rebus
908 3846 1036 3923 peractis
1061 3843 1194 3906 Cassium
1215 3846 1245 3904 in
1265 3845 1379 3922 Syriam

248 3975 398 4020 reversum
420 3961 451 4021 in
474 3960 576 4020 itinere
599 3960 704 4021 multos
724 3961 832 4023 milites
847 3959 924 4022 fame
947 3959 1107 4036 morboque
1127 3961 1296 4036 amisissei).

356 4147 384 4216 1)
402 4148 451 4202 rit.
469 4147 539 4204 Veri
557 4150 620 4218 αδ,
634 4152 649 4204 1
663 4163 724 4218 sqq.

356 4236 385 4303 2)
403 4235 458 4291 Dio
478 4235 556 4292 Cass.
576 4236 641 4306 epit.
660 4237 703 4307 71,
716 4239 741 4292 2.

356 4326 385 4395 3)
403 4325 458 4380 Dio
482 4327 501 4394 l.
526 4343 564 4382 c.:
604 4331 725 4397 Κασσίῳ
749 4324 780 4382 δὲ
809 4331 845 4381 τά
870 4329 1071 4400 στρατεύματα
1100 4333 1238 4402 ἐπέτρεψε
1273 4329 1325 4398 (sc.
1348 4332 1380 4402 L⁴

249 4410 355 4487 Verus)
375 4417 435 4466 ααὶ
454 4411 488 4474 ὃς
513 4414 637 4473 ἐπιόντα
657 4430 685 4466 τε
704 4417 755 4471 τὸν
775 4413 979 4492 Οαολόγαισον
1004 4420 1149 4493 γενναίως
1168 4417 1303 4490 ὑπέμενε,
1330 4422 1381 4472 καὶ
