3280 5190
837 510 870 562 16

288 685 367 745 illam
404 687 461 744 3333
492 687 658 748 'Pr’aiano
649 692 812 764 rmperante
846 691 983 750 amissam
1011 709 1087 770 esse,
1122 692 1257 768 idemque
1287 694 1417 773 adnotat,

289 794 366 858 ὅλου
380 795 594 879 στρατοπέδου
617 803 760 862 vocabulo
784 804 862 880 quod
886 805 1008 880 prtaebe
996 807 1090 865 tDio
1113 826 1171 867 non
1194 810 1359 869 necessario
1382 809 1419 868 si-

286 915 443 994 gnificari
435 921 478 976 333
479 935 577 994 egram
590 917 777 994 legionem:
768 939 855 979 333333
871 920 908 980 de
924 921 1055 996 qualibet
1072 923 1217 982 exereitus
1238 927 1321 998 parte
1337 941 1418 983 usur-

285 1032 350 1108 pari
373 1051 411 1107 po
413 1032 515 1095 tuisse.

388 1147 480 1206 Paulo
510 1149 687 1227 3333333333,
723 1149 868 1224 quomodo
899 1150 1073 1211 8333333333
1111 1170 1176 1212 eum
1203 1154 1320 1212 Parthis
1352 1172 1419 1214 333-

285 1278 405 1339 gressus
425 1262 471 1340 sit,
496 1262 651 1336 adumbrat
666 1261 970 1326 Lucianusinlibello
990 1269 1039 1344 qui
1063 1264 1233 1327 inscribitur
1258 1257 1419 1339 „'-Alt}co

286 1373 360 1452 ὅρος
383 1361 653 1453 quaeritarent.
679 1378 878 1455 Comperimus
901 1383 977 1440 enim
1002 1382 1081 1441 illum
1106 1383 1208 1442 ab't
1165 1403 1193 1442 m
1196 1386 1325 1459 tterpree
1348 1402 1419 1459 quo·

286 1491 352 1551 dam
374 1496 488 1568 permot
489 1510 536 1551 um
560 1495 692 1554 temere
684 1495 851 1554 incursione
874 1497 905 1554 in
918 1496 1085 1556 Armeniam
1108 1496 1268 1558 saetacum
1291 1500 1420 1558 exercitu

225 1639 228 1646 .
285 1607 423 1684 profligat
425 1625 472 1666 333
502 1611 590 1683 atque
620 1608 658 1668 ab
690 1606 842 1685 Othryade
874 1612 1010 1692 quodam,
1049 1611 1108 1673 fort
1096 1615 1174 1673 tasse
1202 1612 1293 1674 nobili
1322 1615 1420 1690 aliquo

286 1725 459 1783 Parthorum
484 1723 567 1802 duce,
593 1741 709 1784 caesum
733 1740 809 1784 esse.
816 1721 838 1806 1)

395 1875 522 1946 Mlti.
539 1873 691 1947 ἤψευδόμ.
705 1879 775 1944 §aa
804 1879 870 1948 lpse
887 1878 1004 1934 Luciani
1022 1879 1110 1936 verbe
1125 1879 1196 1936 haec
1210 1885 1289 1937 3333·
1310 1882 1326 1937 o‘
1343 1885 1420 1952 γοῦν

285 1965 461 2033 Σευηριανῷ
483 1963 584 2024 δοθεὶς
609 1968 681 2035 ὑπὲρ
708 1967 757 2032 τῆς
777 1969 806 2028 ἐς
833 1966 1043 2040 Ἀρμενίανί
1017 1969 1133 2024 εἰσόδου
1155 1971 1215 2023 univ
1233 1967 1420 2040 αὐτοφώνων

287 2057 338 2108 καὶ
361 2051 448 2110 αὐτος
476 2047 518 2117 ἦν.
544 2057 719 2124 προτρέπων
743 2059 799 2126 γάρ
825 2055 916 2110 333333
942 2057 991 2108 ἐπι
1014 2060 1066 2121 την
1090 2061 1221 2126 stadeloit]
1243 2054 1420 2126 οὕτωςΙέφη·

415 2139 497 2194 .3ἶῑ’
515 2138 615 2205 33333333
634 2145 803 2201 πεισθεὶς“
788 2163 802 2196 o
824 2143 868 2208 q'tt
870 2149 939 2202 θιος
958 2145 1070 2201 ἐκεῖνος
1090 2147 1195 2202 Κελτός
1213 2148 1340 2214 εἰσέβαλε
1361 2146 1412 2197 xci

286 2177 444 2294 sinpliciter
464 2226 536 2299 αὐτῇ
550 2231 674 2299 esperod
693 2231 753 2283 33333
765 2248 828 2300 του,
837 2228 1002 2298 Ὀθρυάδου
1023 2236 1211 2288 κατακοπείς.

283 2331 302 2348 s
392 2317 482 2370 Etiam
502 2317 617 2371 aliast
589 2321 671 2386 atque
692 2318 817 2373 (33333333
836 2317 909 2372 inter
932 2333 961 2371 33
982 2317 1096 2372 exhibet
1113 2318 1255 2372 Lucienus
1274 2318 1309 2374 de
1328 2325 1418 2372 morte

287 2405 429 2460 833333333
448 2406 629 2472 narrationes,
649 2422 718 2475 quas
738 2407 890 2474 scriptores
909 2407 976 2460 belli
987 2406 1052 2460 Part
1053 2404 1134 2459 hioi'
1126 2422 1189 2475 rpso
1208 2407 1276 2463 belli
1294 2413 1420 2476 tempore

285 2495 439 2564 impudent
432 2495 524 2550 3333333
544 2495 571 2548 33
589 2496 691 2565 vulgus
710 2495 870 2564 sparserint
852 2495 1031 2562 tEuolvas
1050 2510 1155 2563 quaeso
1175 2496 1297 2551 libellum
1316 2499 1363 2567 qui
1382 2497 1420 2551 in-

235 2579 242 2596 *
287 2585 418 2640 scribitur
438 2585 602 2650 „Quomodo
620 2583 736 2638 historia
756 2585 792 2638 sit
811 2583 1030 2638 conscribenda“
1052 2584 1108 2652 (ed.
1122 2586 1260 2655 Jacobita,
1268 2587 1332 2640 Vol.
1345 2588 1421 2654 ll,.p

287 2676 398 2744 3sqq).
435 2675 489 2729 Ubi
509 2674 624 2742 exponit
613 2674 788 2728 tLueianus
808 2676 835 2741 (5
851 2675 906 2742 31),
925 2673 1012 2741 script
1014 2689 1076 2728 ores
1101 2691 1157 2728 non
1182 2675 1276 2744 gladio
1298 2676 1421 2745 legatum

286 2763 362 2817 illurn
382 2763 494 2818 finxisse
508 2763 640 2830 occisum,
659 2763 710 2817 sed
729 2764 805 2831 quod
823 2763 888 2831 cibo
908 2778 938 2816 se
957 2762 1030 2817 abst
1022 2763 1183 2818 33333333-
1195 2763 1293 2833 Atque
1312 2781 1348 2818 ex
1366 2763 1420 2818 3333

288 2851 373 2906 libelli
392 2851 455 2904 loeo
481 2851 507 2917 (t
526 2853 571 2920 25)
591 2851 704 2918 accipis,
730 2867 786 2904 non
805 2849 908 2919 gladic,
933 2867 989 2903 non
1008 2867 1126 2919 333333,
1151 2869 1207 2905 333
1225 2853 1326 2921 laqueo
1345 2852 1421 2906 illum

288 2941 411 2994 voluisse
431 2941 531 3008 perire,
551 2940 601 2993 sed
614 2939 710 2993 mortis
723 2955 800 2992 more
813 2939 880 2993 satis
894 2939 1001 3008 tragico
1015 2941 1176 3009 excogitato
1189 2941 1313 3009 iugulum
1325 2939 1421 2994 fractis

289 3029 385 3084 vitreis
404 3029 633 3097 percussisse-
599 3027 703 3082 -383
684 3032 719 3081 333
739 3028 839 3096 333333
857 3027 1035 3096 intellexeris,
1055 3044 1136 3096 qnam
1155 3027 1271 3081 ridicule
1284 3029 1319 3081 de
1332 3030 1421 3080 morte

290 3117 433 3172 833333333
453 3117 637 3171 confinxerint
655 3116 828 3170 narrationes
847 3116 920 3170 illins
944 3117 1078 3184 temporis
1097 3115 1261 3183 scriptores!
1292 3113 1335 3168 At
1353 3113 1420 3182 quid

289 3206 407 3260 censes?
426 3207 484 3274 1333
502 3221 554 3259 333
556 3209 614 3259 3333
635 3205 735 3258 3333333
753 3221 844 3258 rerum
858 3205 1017 3273 3333333333,
1036 3202 1288 3258 nimirumluciani
1300 3201 1421 3256 fabulam

289 3311 340 3361 pro
364 3310 431 3348 3333
454 3292 642 3362 perhibentes,
667 3293 746 3362 gravi
770 3291 842 3348 fame
869 3309 996 3361 pressum
1020 3308 1082 3347 esse
1107 3291 1286 3346 Severianum
1311 3306 1421 3346 narrare

289 3401 345 3437 333
364 3383 565 3438 dubitaverunt
583 3381 660 3450 (Vid.
673 3381 801 3449 Galitzin,
820 3380 1085 3450 Kriegsgesehiehte
1058 3380 1155 3434 tdes
1177 3377 1229 3433 Alt
1231 3378 1386 3448 catuna·
1378 3395 1422 3434 333

289 3475 365 3528 Dent
354 3473 432 3527 tsche
461 3472 553 3526 iibers
582 3487 638 3524 333
662 3470 812 3538 8333333333,
841 3470 893 3524 Bd.
912 3471 947 3537 V,
979 3469 1101 3538 „Kriege
1126 3469 1176 3522 des
1203 3469 1422 3539 Kaiserreichs‘ss

290 3562 386 3616 Cesset
406 3561 483 3629 1878,
503 3563 596 3627 5373,
615 3575 679 3628 pag
699 3559 759 3627 133,
779 3558 826 3612 ubi
845 3557 933 3612 verba
952 3562 1030 3610 sunt:
1058 3556 1242 3622 ,8333333333
1256 3597 1421 3611 .......

290 3651 386 3704 warde
406 3647 642 3718 eingeschlossen,
670 3646 738 3701 hielt
761 3645 819 3700 sich
844 3645 960 3714 lange
951 3662 980 3698 33
999 3644 1148 3699 derselben
1167 3645 1264 3711 (scil.
1257 3662 1285 3698 33
1303 3645 1422 3714 Elegia),

289 3739 363 3792 hott
334 3743 469 3792 ttevon
498 3732 994 3804 furchtbererHungersnoth
1023 3749 1062 3785 uu
1090 3731 1213 3801 leiden,
1243 3733 1336 3788 wollte
1355 3734 1423 3789 aber

290 3827 348 3881 sich
369 3825 508 3880 durehaus
527 3823 604 3877 nicht
593 3824 751 3893 tergeben
774 3823 831 3878 und
857 3822 953 3876 warde
979 3819 1151 3876 schliesslich
1171 3861 1301 3875 .......
1314 3822 1423 3878 nieder-

289 3913 435 3985 gemaeht“
452 3913 518 3981 etc.)

396 4001 487 4055 Etiam
511 4001 617 4054 Fronto
643 3999 677 4054 de
703 3999 798 4054 333333
818 3999 969 4056 Severiano
994 3998 1082 4067 loquit
1084 4014 1123 4052 33.
1152 3998 1249 4053 Verba
1271 4004 1336 4054 sunt
1353 4000 1422 4055 haec

290 4090 393 4162 (Prine.
412 4089 475 4144 hist.
495 4107 522 4158 p
542 4092 593 4146 209
612 4089 768 4158 Naber):,
771 4089 859 4159 ,Bello
878 4087 1059 4142 Parthieot
1028 4105 1047 4142 u
1048 4093 1147 4156 troque
1167 4087 1237 4155 (scil
1262 4088 1375 4142 Traiani
1394 4094 1422 4143 et

290 4185 322 4235 Ι.
341 4178 421 4246 Veri)
449 4177 610 4232 consulares
634 4177 688 4230 viri
711 4178 768 4231 duo
792 4177 899 4232 exercit
899 4194 945 4230 um
964 4175 1074 4245 utrique
1095 4175 1198 4230 ducent
1187 4179 1230 4230 tes
1249 4176 1420 4232 obtruncati:

291 4265 457 4323 Severianus
476 4264 596 4334 quidem,
616 4264 704 4319 Lucio
723 4265 758 4319 ab
777 4265 847 4320 urbe
866 4264 1027 4320 necdumt
998 4280 1013 4319 3
1015 4264 1080 4318 tiam
1092 4268 1150 4317 tom
1163 4263 1308 4332 prolecto“
1323 4279 1345 4318 3.
1360 4280 1386 4332 q.
1399 4279 1421 4318 3.

397 4353 525 4422 Denique
544 4370 599 4407 333
616 4357 772 4422 praetereo,
789 4352 938 4407 Gruterum
951 4353 986 4406 Μ.
999 4351 1216 4407 8333333330.
1230 4351 1270 4405 til.
1289 4351 1420 4405 Severi-
