3308 5190
828 543 863 604 02

277 727 376 788 malim
400 745 489 806 qnam
511 727 549 790 de
571 728 690 809 Marco3
713 748 782 789 uam
798 727 957 789 Vulcacius
978 732 1082 805 postea
1104 728 1252 806 demnm¹)
1275 727 1414 792 derebus

277 862 296 903 a
316 840 418 905 Oassio
433 843 464 903 iu
477 841 618 905 Armenia
629 845 723 907 Marci
742 841 924 920 temporibus
936 839 1030 922 gestis
1042 845 1105 921 agit
1113 840 1148 926 ²).
1193 843 1252 906 Sed
1278 862 1355 922 quae
1376 841 1413 904 ab

277 957 336 1020 hoc
360 957 505 1036 scriptore
527 963 697 1040 narrantur,
720 962 781 1020 tam
805 959 880 1020 mira
902 963 981 1040 sunt,
1004 963 1039 1020 nt
1059 976 1182 1036 prorsus
1211 957 1337 1020 conficta
1350 975 1414 1021 esse

279 1067 443 1138 statuerim.

387 1185 406 1270 ξ
428 1191 459 1254 3.
481 1187 539 1250 Sed
561 1186 600 1248 ad
622 1185 702 1247 aliud
718 1189 912 1253 transeamus.
929 1185 1088 1262 Quaeritur
1105 1188 1183 1250 enim
1203 1207 1262 1268 qno
1284 1193 1415 1268 tempore

279 1301 399 1366 (lessius
411 1303 566 1364 consulatu
576 1300 695 1362 functus
707 1301 756 1362 sit.
778 1303 888 1363 Fasces
910 1303 993 1363 illum
1007 1299 1138 1382 gessisse
1159 1315 1220 1365 nna
1242 1322 1308 1366 cum
1330 1303 1415 1367 Oelso

279 1419 440 1480 Planciano
460 1416 585 1481 allicitur
604 1417 762 1494 diplomate
773 1417 883 1478 XLVII
894 1418 974 1495 quod
989 1415 1101 1480 editum
1116 1419 1201 1483 estO.
1213 1421 1231 1482 J
1234 1421 1285 1503 ᾧ.
1291 1420 1351 1481 vol.
1362 1419 1415 1500 111,

279 1553 311 1611 p.
324 1534 388 1594 889
400 1531 441 1614 3);
465 1551 561 1610 neque
573 1551 644 1595 vero
666 1528 812 1611 integrum
824 1533 909 1594 uobis
920 1533 1060 1595 traditum
1082 1538 1138 1614 est,
1151 1553 1211 1612 quo
1222 1533 1265 1615 lit,
1288 1538 1321 1595 nt
1336 1537 1415 1596 certo

281 1666 359 1710 anno
374 1648 502 1709 tribuere
514 1664 702 1725 nequeamus.
716 1647 751 1708 ld
763 1649 855 1709 solnm
863 1653 945 1726 patet
960 1643 1034 1725 ipsis
1050 1648 1219 1726 diplomatis
1235 1650 1345 1730 verbis,
1358 1649 1416 1711 edl-

280 1767 342 1824 tum
370 1780 437 1825 ease
471 1761 545 1824 illud
575 1762 664 1840 pridii
686 1763 789 1824 Nonas
818 1763 923 1844 Maias,
962 1768 1051 1841 atque
1079 1766 1277 1827 Mommsenns
1299 1765 1416 1844 quidem

281 1880 358 1940 iuter
380 1895 473 1940 annos
496 1897 527 1956 p.
551 1877 620 1939 (thr.
646 1881 709 1939 161
734 1882 764 1940 et
788 1880 851 1940 169
876 1880 1013 1939 emissum
1036 1862 1102 1942 esse
1124 1875 1283 1943 existimat.
1333 1881 1417 1942 Ultra

281 2012 389 2056 annum
411 1996 476 2056 169
500 1994 654 2055 terminum
671 2011 833 2072 prorogare
855 2013 915 2055 uon
937 1995 1016 2075 licet,
1041 2012 1106 2057 cum
1128 2013 1163 2056 eo
1186 2014 1264 2057 anno
1280 1994 1417 2056 Avidium

281 2108 415 2170 Gessium
437 2107 568 2186 legatum
590 2127 635 2186 pr.
648 2125 695 2186 pr.
719 2127 805 2185 prov.
829 2108 932 2186 Syriae
962 2143 995 2154 -
1026 2129 1102 2187 quae
1125 2110 1244 2188 quidem
1265 2110 1418 2187 provincia

282 2226 377 2286 virum
407 2224 590 2285 consularem
620 2223 777 2301 expetebat
805 2255 847 2268 ·-
876 2221 968 2285 fuisse
997 2225 1091 2284 titulis
1121 2222 1309 2306 efficiatur-⁴).
1348 2223 1417 2302 Ipso

282 2359 359 2402 anno
384 2341 445 2400 161
464 2339 612 2400 consulem
635 2339 717 2400 illum
733 2335 824 2400 fuisse
847 2339 1210 2418 opinaturssorghesius⁵)
1233 2340 1418 2417 probantque

283 2455 406 2517 Nodlius
416 2452 441 2535 ⁶)
454 2457 483 2515 et
498 2452 744 2531 Waddingtonius
755 2455 789 2530 ⁷).
825 2455 930 2532 Neque
946 2473 1001 2532 ego
1016 2455 1132 2534 negabo
1153 2454 1217 2516 lieri
1232 2455 1364 2533 potuisse
1385 2457 1419 2513 ut

287 2568 417 2650 Cassius,
441 2570 612 2648 priusquam
635 2568 857 2630 lavernanis
880 2571 1021 2631 orientem
1044 2571 1242 2650 comitaretur,
1266 2567 1420 2630 consulatu

285 2682 468 2762 iungeretur.
514 2682 721 2746 Verumtamen
744 2685 801 2746 boc
813 2685 884 2745 mihi
900 2686 993 2763 magis
1016 2685 1168 2766 probatur,
1189 2683 1267 2746 bello
1282 2683 1420 2745 Parthico

285 2799 342 2860 iam
366 2796 500 2860 conlecto
522 2802 672 2878 tamquam
695 2799 857 2876 praemium
880 2797 977 2860 fascea
1001 2799 1027 2860 ei
1050 2815 1116 2860 esse
1139 2814 1305 2860 concessos.
1343 2795 1419 2857 Illud

284 2916 360 2978 enim
384 2916 421 2978 de
443 2918 477 2978 P.
491 2915 597 2976 Martio
611 2915 689 2975 Vero
705 2913 814 2976 lactum
834 2931 901 2975 esse
923 2932 991 2975 mox
1012 2914 1213 2975 demonstrare
1234 2913 1306 2973 mihi
1320 2913 1419 2976 licem.

393 3123 421 3192 1)
439 3121 488 3176 vlt.
507 3119 594 3176 Avld.
614 3119 691 3176 Cass.
710 3122 735 3189 6,
754 3119 779 3176 δ’.

394 3239 422 3307 2)
441 3237 483 3292 Ne
508 3241 613 3292 temere
642 3235 728 3305 dicas,
759 3233 1005 3305 ipso„Antcnini“
1031 3233 1171 3290 vocabulo
1202 3233 1279 3303 quod
1309 3231 1423 3288 exhibet

286 3325 439 3382 Vulcacius
459 3325 495 3394 (c.
513 3326 538 3395 4,
558 3327 588 3393 9)
612 3324 702 3380 vetari
724 3339 776 3378 uos
795 3322 830 3378 de
849 3324 943 3378 Marco
963 3323 1097 3393 cogitare,
1120 3321 1254 3391 respicias
1273 3337 1378 3392 quaeso
1397 3336 1421 3375 c.

285 3419 310 3486 3,
330 3418 362 3485 ὃς
387 3416 412 3485 7,
426 3416 451 3471 5.
470 3416 495 3471 6.
516 3416 540 3469 7.
559 3416 592 3483 83
617 3414 642 3483 8,
662 3417 687 3469 2.
706 3414 737 3482 73
768 3413 810 3484 11,
837 3414 860 3468 1.
880 3415 905 3482 8,
931 3412 1033 3482 quibus
1056 3412 1126 3466 locis
1146 3411 1337 3480 „Antoninus“
1362 3409 1421 3464 sins

286 3503 373 3559 dubio
391 3501 599 3572 intellegendus
618 3505 662 3557 est
679 3502 799 3556 Marcus.

393 3618 421 3687 3)
440 3617 469 3672 in
492 3617 548 3672 fine
572 3615 733 3684 diplomatis
757 3614 827 3670 bueo
852 3612 954 3670 habes:
987 3614 1088 3684 „Celso
1111 3613 1264 3668 Planciano
1291 3612 1422 3684 (Aulidio

287 3706 386 3762 Cassio
405 3721 463 3761 cos.

392 3818 474 3890 4)1n
500 3817 661 3873 memoriam
686 3831 804 3872 revoces
835 3831 908 3887 quae
932 3832 1018 3888 supra
1041 3833 1068 3890 p.
1092 3817 1127 3874 37
1152 3816 1346 3890 exposuimus3
1373 3815 1422 3874 cir.

286 3905 358 3962 infra
375 3907 432 3962 Tit.
450 3923 477 3962 n.
496 3907 611 3963 34-39.

393 4022 421 4091 5)
441 4018 546 4092 Borgh.
565 4019 690 4078 Oeuvres
709 4020 751 4074 Vl
770 4023 804 4076 93
823 4035 884 4092 sqq.

393 4137 421 4208 6)
440 4135 522 4192 Essai
540 4153 568 4205 p.
587 4136 631 4193 34.

394 4251 423 4325 7)
444 4251 554 4324 Oompt.
573 4249 651 4305 rond.
670 4249 687 4305 l.
705 4265 730 4308 o.
