3280 5190
824 524 859 583 26

377 705 480 783 ltaque
502 704 624 766 Soacmo
648 708 677 766 in
702 723 825 784 regnum
848 707 983 767 restituto
1007 704 1101 767 denuo
1123 706 1339 766 demonstratur
1359 720 1408 764 res

275 821 305 879 in
328 821 467 883 Armenia
490 839 631 899 prospere
655 840 719 882 esse
742 825 853 900 gestas,
878 825 966 897 atque
989 817 1020 881 in
1048 821 1183 881 Armenia
1206 824 1277 882 tunc
1300 820 1407 881 bellum

272 937 389 997 videtur
411 936 524 996 finitum
548 954 622 997 essc.

376 1050 395 1127 ξ
421 1053 450 1110 3.
484 1050 553 1126 Ipso
577 1069 652 1110 anno
678 1045 822 1109 saeviri
846 1050 923 1111 docti
945 1052 1109 1110 statuerunt
1125 1049 1159 1108 L.
1176 1047 1284 1109 Verum
1309 1049 1406 1125 Ephe-

274 1183 338 1225 sum
361 1183 392 1226 sc
417 1167 584 1244 contulisse,
608 1169 641 1224 ut
662 1166 804 1225 Lucillam
828 1167 920 1226 Marci
942 1164 1032 1225 filiam
1056 1183 1132 1241 quac
1156 1161 1199 1224 illi
1222 1182 1332 1241 sponsa
1344 1167 1407 1224 erat

273 1284 457 1358 exciperet).
504 1281 580 1342 Sanc
603 1278 672 1340 licet
695 1282 731 1341 dc
754 1280 806 1340 illo
830 1300 906 1341 anno
931 1283 1061 1358 cogitare
1070 1279 1106 1362 2);
1141 1281 1232 1341 tradit
1253 1282 1328 1341 enim
1352 1279 1405 1340 Ga·

272 1393 440 1477 pitolinusi)
463 1397 536 1456 haec
548 1396 654 1456 verba:
682 1398 822 1466 „medio
845 1397 946 1458 belli
970 1401 1134 1472 tempore
1158 1401 1187 1456 et
1202 1396 1331 1457 Oivicam
1355 1417 1404 1472 pa-

270 1516 367 1571 truum
397 1507 466 1570 Veri
496 1514 526 1570 ct
554 1510 642 1570 filiam
672 1528 754 1570 suam
785 1516 942 1587 nupturam
957 1556 1076 1572 ......
1102 1507 1289 1571 Brundisium
1314 1529 1406 1586 usque

271 1628 401 1707 deduxit,
425 1627 462 1686 ad
486 1645 550 1686 euru
575 1623 653 1685 misit
670 1626 849 1702 Romamque
873 1628 971 1688 statim
1000 1627 1107 1687 rediit“
1133 1629 1186 1700 (sc.
1210 1628 1327 1686 Marcus
1352 1627 1404 1685 im-

271 1739 413 1822 perator).
448 1741 631 1816 Quamquam
655 1761 748 1801 annus
772 1746 869 1802 certus
892 1762 950 1801 non
974 1747 1028 1802 est.

372 1857 542 1934 singulares
572 1857 715 1932 quasdam
734 1875 786 1942 res
810 1859 839 1916 in
863 1858 940 1918 bello
964 1861 1063 1933 gestas
1088 1857 1272 1917 tradiderunt
1294 1857 1403 1915 Fronto

272 1976 301 2031 et
323 1972 480 2032 Lucianus.
523 1971 653 2044 Quorum
684 1974 759 2033 alter
784 1976 901 2049 praeter
925 1973 1070 2034 Artaxata
1093 1974 1180 2032 etiam
1203 1972 1403 2048 Nicephorum

270 2091 359 2163 atque
388 2088 521 2147 Dausara
551 2091 719 2164 expugnata
750 2105 813 2148 esse
844 2089 982 2168 narr·at.⁴)
1029 2088 1110 2146 Haec
1140 2087 1249 2163 oppida
1278 2087 1315 2146 ab
1339 2089 1403 2163 ipso

270 2203 304 2261 L.
323 2202 399 2262 Vero
423 2207 510 2278 capta
532 2221 597 2263 esse
622 2222 686 2263 cum
708 2205 859 2278 scripserit
883 2203 993 2261 Fronto
1004 2204 1026 2276 5)
1048 2204 1115 2277 quis
1139 2203 1281 2262 miratur?
1304 2221 1402 2278 quam-

269 2337 356 2393 quam
385 2336 438 2392 pro
463 2321 542 2377 certo
567 2335 675 2395 sumas,
707 2319 840 2376 maritum
864 2317 965 2377 deberi
986 2317 1079 2377 Statio
1105 2319 1209 2377 Prisco
1232 2323 1293 2396 aut,
1325 2317 1403 2393 quod

269 2429 333 2493 veri
356 2428 478 2491 similius
503 2436 556 2510 est,
582 2431 688 2489 Avidio
711 2430 823 2510 Cassio,
848 2433 897 2506 qui
922 2427 1039 2506 quidem
1063 2433 1091 2490 iu
1108 2433 1320 2509 Mesopotamia
1342 2432 1402 2492 hel·

268 2551 325 2608 lum
349 2549 477 2626 gessisse
498 2547 623 2607 videtur.

370 2664 427 2723 Sed
450 2664 609 2724 ¹videamus
639 2681 715 2737 quae
738 2663 887 2722 Lucianus
915 2663 953 2721 ad
983 2659 1135 2722 historiam
1160 2664 1325 2723 contulerit.
1369 2663 1402 2721 ln

269 2778 368 2839 libello
393 2781 474 2838 cuius
497 2779 601 2837 titulus
624 2781 669 2836 est
694 2776 866 2848 „Quomodo
890 2775 1012 2836 historia
1036 2775 1075 2837 sit
1097 2775 1329 2838 conscribenda“
1354 2778 1401 2837 de-

275 2883 478 2891 ——w

270 2921 448 2977 -Armeuiacis
467 2939 510 2976 me
530 2923 627 2976 docuit
644 2922 862 2976 Petermaunus“
884 2927 912 2976 et
932 2923 975 2987 „Is
994 2921 1154 2977 Marithates
1173 2924 1218 2977 vel
1237 2923 1330 2991 potius
1348 2924 1403 2977 Me·
1506 2945 1510 2953 ·

269 3012 372 3066 ridates
386 3012 464 3066 audit
481 3012 650 3066 Armeniaca
665 3011 837 3078 ‚,Mithrdat“,
863 3012 880 3064 i.
895 3027 918 3065 e.
929 3011 1111 3066 Mithridates.
1125 3044 1158 3050 —
1179 3014 1308 3068 Ceterum
1327 3013 1403 3065 inve-

268 3102 342 3154 nitur
367 3103 403 3155 M.
422 3100 598 3154 Aurelius
624 3101 782 3153 Paeorus
808 3099 921 3168 quidam
945 3101 1042 3154 etiam:
1071 3101 1175 3155 Gruter
1194 3103 1286 3168 102,1
1315 3107 1343 3155 et
1366 3103 1402 3155 M.

266 3189 441 3244 Aurelius
460 3190 620 3242 Pacorus
640 3190 674 3241 M.
695 3188 875 3242 Cocceius
895 3187 1118 3242 Stratocles:
1138 3188 1241 3242 Gruter
1254 3193 1296 3258 39,
1309 3191 1335 3244 4.

374 3281 399 3344 1)
420 3277 509 3344 Capit.
524 3277 572 3328 rit.
586 3277 654 3329 Veri
668 3291 693 3328 c.
707 3277 732 3342 7,
746 3276 777 3329 7:
798 3275 928 3340 „Efesum
943 3276 1025 3330 etiam
1038 3277 1118 3344 redit,
1138 3281 1169 3330 ut
1182 3278 1316 3331 Lucillam
1335 3295 1401 3331 uxo—

266 3381 332 3432 rem,
357 3365 468 3418 missam
492 3381 507 3416 u
532 3369 611 3432 patre
630 3365 732 3430 Marco,
753 3363 915 3432 susciperet,
937 3365 1088 3435 etidcirco
1108 3365 1225 3420 maxime
1245 3368 1402 3420 neMarcus

267 3471 329 3507 cum
349 3469 382 3508 es
400 3455 428 3506 iu
447 3453 554 3522 Syriam
574 3451 683 3505 veniret
703 3466 734 3503 ae
754 3451 858 3519 flagitia
878 3452 938 3505 eius
957 3453 1150 3508 adnosceret“.

375 3545 403 3608 2)
423 3543 626 3610 Cogitauerunt
645 3545 737 3594 autom
750 3540 910 3609 Tillemont,
928 3539 1094 3610 M.-Aurelo,
1114 3542 1208 3597 article
1221 3544 1282 3610 Vll,
1295 3559 1322 3610 p.
1333 3543 1400 3607 3513

266 3629 316 3683 cfr.
329 3647 356 3699 p.
370 3633 437 3698 5843
456 3629 563 3683 Echhel
577 3630 631 3682 Vll
645 3645 672 3696 p.
685 3630 733 3696 503
753 3644 780 3695 p.
794 3631 842 3696 903
863 3627 974 3682 Olintou
987 3629 1062 3682 Fast.
1075 3629 1154 3682 Rom.
1167 3631 1294 3699 pagdht.

373 3722 401 3788 3)
421 3719 470 3772 vit.
489 3718 574 3772 Marci
594 3735 617 3771 c.
637 3721 663 3786 9,
681 3719 707 3771 4.

372 3810 401 3877 4)
415 3808 451 3861 ad
464 3809 568 3862 Verum
581 3808 609 3860 ll
623 3810 637 3860 1
651 3831 682 3853 =
693 3820 757 3874 pag.
772 3808 821 3860 121
836 3805 938 3860 Nabar.
951 3835 985 3845 —
1000 3806 1088 3861 Situm
1102 3813 1144 3861 cst
1156 3807 1401 3876 Nicephorium

263 3899 339 3966 (narn
353 3897 421 3952 haec
439 3896 527 3950 forma
540 3895 671 3950 vocabuli
684 3895 772 3964 magis
786 3899 828 3948 est
838 3895 940 3948 usitata
947 3911 1027 3964 quam
1047 3896 1280 3967 Nicephorus)
1299 3898 1335 3952 ud
1346 3900 1401 3952 Eu·

269 3985 386 4055 phraten
406 3987 578 4055 superiorem
600 3985 628 4038 in
641 3984 859 4053 Mesopotamiae
878 3989 956 4052 parte
970 3985 1195 4053 septentrionali:
1215 3984 1265 4039 cfr.
1277 3985 1403 4056 Kiepert,

266 4075 415 4130 Lehrbuch
441 4075 491 4130 der
517 4074 592 4127 alten
618 4073 730 4142 (leoga,
761 4073 838 4142 1878,
864 4091 890 4142 p.
918 4076 983 4142 1553
1014 4073 1107 4143 Kuhn,
1131 4074 1256 4130 Vcrfass.
1281 4077 1308 4130 d.
1333 4080 1401 4130 rdm.

262 4163 374 4232 Rotuba,
393 4168 461 4232 Lpz.
477 4166 554 4232 1865,
573 4164 602 4217 Il
618 4180 645 4230 p.
660 4165 713 4218 325
732 4167 761 4217 et
777 4167 921 4218 auctorum
934 4163 1013 4218 locos
1031 4165 1088 4218 illic
1106 4163 1244 4218 laudatos.
1264 4196 1297 4204 —
1317 4167 1399 4220 Dau-

252 4267 344 4306 sara
369 4257 461 4307 autem
480 4267 570 4320 prope
589 4251 725 4305 Edessam
745 4251 799 4304 sita
823 4266 886 4306 esse
914 4256 1033 4306 testatur
1062 4251 1156 4321 Steph.
1179 4255 1295 4324 Byzant.
1308 4271 1335 4322 p.
1349 4257 1401 4310 222

261 4341 318 4410 (ed.
331 4341 468 4408 Meinche,
487 4340 560 4393 Berl.
575 4341 664 4407 1849).

368 4433 396 4498 5)
418 4430 435 4483 l.
449 4445 488 4482 e.:
510 4427 614 4494 „ductu
632 4428 815 4498 auspicioque
835 4433 883 4482 tuo
904 4429 986 4483 armis
1006 4435 1088 4499 capta
1107 4434 1196 4485 sunt“.
