3280 5190
687 943 987 1030 Argumentum.

269 1185 380 1252 Caput
397 1185 419 1238 I.
458 1185 516 1238 Res
533 1185 598 1238 inde
617 1200 633 1237 a
650 1185 771 1239 Traiano
797 1203 886 1255 usque
905 1187 940 1240 ad
959 1188 994 1241 Μ.
1018 1187 1160 1241 Aurelium
1182 1189 1295 1242 Antoni·
1310 1151 1385 1225 *Q

453 1272 523 1309 num
542 1257 571 1309 in
589 1257 695 1310 oriente
715 1263 811 1326 gestae
831 1259 956 1313 breviter
974 1263 1162 1312 enarrantur.
1199 1300 1205 1313 .
1244 1301 1250 1314 .
1289 1301 1295 1312 .
1350 1265 1366 1318 7

316 1369 331 1395 ,,
380 1327 417 1379 ΙΙ.
455 1328 498 1381 De
517 1327 602 1380 initiis
620 1328 686 1381 belli
704 1330 861 1383 Armeniaci
881 1329 1002 1382 Parthici
1021 1370 1294 1384 .......
1332 1335 1366 1388 12

315 1440 330 1466 „
368 1399 419 1451 III.
457 1399 500 1452 De
511 1399 695 1466 scriptoribus
705 1399 773 1453 belli
786 1399 1296 1456 ArmeniaciParthioiobservationes

461 1470 569 1538 aliquot
618 1511 1293 1526 ................
1332 1477 1365 1532 19

315 1583 330 1610 ‚,
368 1541 420 1594 IV.
457 1542 500 1595 De
520 1542 605 1595 rebus
625 1542 699 1595 bello
719 1543 886 1596 Armeniaco
906 1543 1036 1596 Parthico
1056 1543 1144 1610 gestis
1199 1585 1206 1598 .
1243 1584 1250 1598 .
1288 1586 1294 1598 .
1332 1551 1367 1602 22

314 1654 330 1681 ‚,
379 1613 415 1665 V.
452 1613 899 1681 Decognominibusprincipibus
912 1616 1006 1668 Marco
1022 1616 1132 1668 ethro
1153 1615 1295 1669 concessis

458 1683 539 1738 etde
559 1685 612 1737 fine
633 1685 700 1738 belli
725 1685 920 1754 triumphoque
949 1686 1128 1754 quaestiones
1148 1685 1293 1739 chronolo-

477 1755 537 1809 icae
576 1795 1291 1811 ................
1328 1762 1362 1814 31

314 1867 329 1894 „
367 1826 417 1880 VI.
454 1772 603 1890 guaeritur
622 1827 689 1894 quid
711 1828 785 1881 bello
805 1827 935 1882 Parthico
955 1829 991 1881 sit
1010 1829 1140 1882 effectum
1196 1869 1202 1881 .
1240 1869 1246 1882 .
1284 1870 1290 1882 .
1327 1834 1362 1886 35

316 1937 328 1962 „
354 1898 418 1950 VH.
455 1899 498 1952 De
519 1897 611 1950 Avidii
631 1898 720 1950 Cassii
738 1899 878 1968 legatione
899 1916 977 1966 prov.
995 1899 1092 1970 Syriae
1112 1905 1140 1952 et
1158 1899 1290 1953 derebus

457 1970 492 2023 ab
512 1984 547 2022 eo
566 1969 654 2036 gestis
673 1985 763 2038 usque
782 1971 816 2024 ab
837 1971 1001 2025 seditionem
1060 2011 1288 2024 ......
1325 1975 1360 2028 37

314 2040 417 2108 „VIIL
454 2040 496 2095 De
516 2040 669 2094 rebellione
689 2041 783 2094 Avidii
807 2043 894 2096 Cassii
920 2059 991 2096 anno
1010 2059 1037 2109 p.
1057 2041 1120 2096 Cirr.
1147 2043 1198 2096 175
1216 2040 1290 2095 facta
1325 2046 1363 2099 42

259 2159 423 2229 Appendl.
447 2165 478 2216 L.
491 2163 584 2215 Verus
603 2163 744 2231 quomodo
763 2164 823 2231 ipse
842 2164 946 2218 bellum
965 2165 1085 2232 gesserit
1105 2204 1289 2217 .....
1325 2167 1360 2220 51

313 2274 329 2301 ,,
384 2234 419 2286 Π.
443 2234 486 2288 De
505 2234 694 2287 Rornanorum
713 2235 741 2287 in
760 2235 834 2289 bello
853 2235 983 2288 Parthico
997 2235 1123 2302 gerendo
1136 2235 1255 2288 ducibus
1282 2277 1288 2288 .

510 2307 537 2367 1)
557 2305 599 2358 De
620 2305 729 2372 Attidio
749 2306 915 2360 Corneliano
970 2345 1288 2359 ........
1325 2311 1361 2363 53

509 2378 537 2443 2)
556 2377 599 2429 De
618 2377 653 2429 Μ.
673 2377 760 2430 Statio
779 2378 876 2430 Prisco
926 2417 1287 2430 .........
1325 2383 1361 2434 55

508 2451 536 2513 3)
556 2447 600 2499 De
618 2447 726 2501 Avidio
746 2449 844 2502 Cassio
882 2488 1287 2502 ..........

544 2519 571 2586 0)
591 2519 633 2572 De
654 2519 710 2572 vita
727 2517 825 2572 Avidii
845 2519 934 2573 Cassii
953 2533 969 2572 a
987 2519 1123 2572 Vulcacio
1143 2518 1287 2572 Gallicano

592 2589 734 2658 descripta
790 2631 1286 2644 ............
1323 2596 1359 2648 57

543 2659 575 2727 b)
594 2662 637 2714 De
657 2662 758 2715 Avidio
777 2662 931 2715 Heliodoro
950 2665 1028 2728 patre
1043 2661 1135 2714 aridii
1149 2661 1237 2716 Cassii
1280 2703 1286 2715 .
1324 2667 1358 2719 58
1429 2721 1431 2726 ,

546 2735 572 2799 0)
592 2732 665 2796 Quid
684 2734 719 2786 de
738 2733 771 2786 iis
791 2733 827 2786 sit
844 2732 1023 2786 iudicandum
1043 2748 1115 2800 quae
1135 2732 1170 2786 de
1192 2733 1286 2800 priore

592 2804 685 2856 Avidii
704 2805 793 2858 Cassii
812 2805 870 2857 vita
889 2805 969 2858 nobis
987 2803 1154 2857 traduntur.
1191 2845 1198 2856 .
1236 2845 1242 2856 .
1280 2845 1286 2856 .
1324 2806 1361 2859 60

545 2872 574 2941 d)
594 2874 673 2928 Bello
692 2875 822 2929 Parthico
841 2891 897 2944 quo
910 2891 1023 2928 munere
1044 2875 1160 2928 Avidius
1173 2874 1287 2928 Cassius

597 2944 710 2999 functus
728 2947 765 2999 sit
783 2961 908 3015 quasque
927 2962 972 3000 res
991 2948 1110 3014 gesserit
1147 2987 1153 2999 .
1191 2987 1197 2998 .
1236 2987 1241 2998 .
1279 2985 1285 2997 .
1323 2949 1358 3002 63

527 3017 537 3082 )
557 3017 599 3069 De
619 3018 649 3070 P.
668 3019 767 3071 Martio
786 3019 863 3072 Vero
882 3056 1287 3071 ..........
1325 3021 1362 3073 65

527 3089 536 3153 )
556 3088 598 3140 De
617 3089 653 3142 M.
672 3089 773 3142 Pontio
792 3089 924 3143 Laeliano
971 3128 1288 3142 ........
1326 3091 1361 3144 69

527 3159 537 3224 )
557 3159 598 3212 De
618 3161 654 3212 M.
671 3160 788 3214 Claudio
806 3161 948 3214 Frontone
1335 3201 1348 3226 „

526 3231 537 3296 )
556 3230 599 3283 De
619 3232 649 3284 P.
667 3231 744 3286 ¹lulio
763 3231 891 3285 Geminio
909 3231 1049 3285 Marciano
1104 3270 1287 3283 .....
1326 3233 1362 3286 70

508 3300 536 3366 8)
555 3301 598 3354 De
618 3302 719 3355 Helvio
738 3303 885 3357 Pertinace
928 3341 1287 3356 .........
1325 3305 1360 3356 72

312 3413 328 3440 ,,
376 3373 426 3425 ΠΙ.
449 3373 480 3424 Ρ.
506 3372 607 3424 Furius
632 3372 804 3439 Saturninus,
828 3375 941 3427 Flavius
958 3372 1095 3440 Titianus,
1123 3371 1288 3428 Caesernius

454 3443 600 3507 Quinctius
625 3445 806 3508 Quinctianae
831 3451 923 3498 utrum
950 3444 1024 3498 bello
1050 3443 1180 3497 Parthico
1204 3444 1287 3496 inter-

455 3513 560 3568 fuerint
577 3530 666 3569 necne
704 3554 1287 3570 ..............

510 3589 537 3654 1)
556 3587 600 3639 De
619 3588 649 3640 P.
668 3587 753 3641 Furio
773 3587 921 3641 Saturnino
1055 3615 1064 3624 -
1103 3625 1286 3639 .....
1324 3587 1360 3641 73

509 3661 536 3725 a)
555 3658 598 3711 De
615 3658 713 3711 Flavio
733 3660 842 3712 Titiano
881 3695 1287 3712 ..........
1324 3657 1360 3712 74

509 3732 537 3798 3)
555 3729 598 3782 Ι)0
623 3730 654 3783 P.
686 3731 837 3785 Caesernio
863 3729 952 3784 Statio
973 3728 1104 3793 Quinctio
1133 3725 1287 3784 Macedone

544 3800 710 3864 Quinctiano
747 3838 1285 3855 .............
1323 3799 1358 3852 75

313 3913 329 3940 ,,
377 3871 427 3925 IV.
446 3871 489 3924 De
506 3873 596 3924 nunris
628 3871 743 3926 Graecis
772 3879 800 3926 et
823 3873 930 3926 Latinis
957 3871 993 3926 ad
1011 3871 1115 3926 bellurn
1134 3869 1291 3922 Parthicum

455 3943 647 4008 spectantibus
669 3980 1288 3998 ...............
1325 3939 1360 3994 77

315 4056 331 4083 ,,
397 4015 433 4067 V.
452 4014 495 4066 De
514 4015 727 4081 cognominibus
756 4015 791 4068 ab
820 4014 1034 4082 imperatoribus
1064 4012 1139 4066 bello
1161 4010 1290 4064 Parthico
1325 4081 1361 4134 86

453 4085 577 4152 acceptis
614 4122 1288 4140 ................

260 4157 435 4224 Conspectus
453 4156 596 4210 titulorum
610 4173 655 4210 res
671 4157 700 4210 in
719 4157 917 4210 dissertatione
940 4160 1073 4210 tractatas
1093 4153 1288 4207 illustrantium
1309 4153 1361 4205 103

257 4228 347 4283 Index
365 4228 508 4282 titulorum
527 4265 1284 4297 ..................
1305 4222 1357 4275 125

256 4297 431 4368 Corrigenda
479 4336 1281 4354 ...................
1302 4294 1356 4346 129

259 4371 385 4440 Scriptor
404 4371 439 4425 dc
458 4371 516 4424 vita
534 4386 586 4425 sua
610 4407 1284 4425 ................
1304 4363 1355 4417 131

259 4442 367 4498 Theses
392 4477 1284 4497 .....................
1305 4436 1357 4489 133

508 3017 525 3068 4

508 3091 525 3141 5

509 3159 525 3211 6

510 3231 525 3284 7
