3308 5190
781 493 815 552 85

611 692 668 736 uuo
691 670 842 753 moigne,
862 675 892 734 et
915 673 942 732 le
958 673 1128 750 quatrieme,
1151 689 1208 732 une
1231 671 1358 749 aiglelt-

608 791 759 867 giouuaiue
783 793 812 850 et
834 807 874 848 un
896 784 1052 867 bouolier).

453 903 524 964 ibid.
548 924 577 964 n.
603 907 683 965 196:
708 901 848 987 (Victoiue
871 906 889 962 a
909 903 985 964 demi
1007 919 1074 983 nuc,
1098 901 1206 962 debout
1225 901 1262 961 de
1284 899 1360 983 face,

607 1019 766 1096 regordant
795 1019 813 1076 b
841 1017 945 1098 ducite,
981 1021 1083 1078 tenant
1110 1034 1167 1076 une
1201 1015 1298 1092 palme
1331 1019 1361 1074 et

611 1135 731 1212 placant
755 1151 806 1192 suu
828 1151 868 1192 un
889 1136 973 1193 trono
989 1131 1026 1194 de
1041 1131 1165 1209 palmier
1176 1149 1215 1190 un
1230 1129 1362 1191 bouclieu

608 1249 659 1323 qui
678 1251 763 1324 porte
780 1247 992 1323 l'inscriptiou:
1015 1246 1090 1318 „Via
1101 1249 1206 1307 Par.“:
1221 1246 1359 1322 quelque-

609 1362 675 1442 lois,
700 1381 738 1422 au
760 1363 829 1440 pied
852 1362 892 1422 du
914 1363 1047 1442 palmier‚
1071 1381 1111 1422 un
1134 1360 1246 1439 captis?
1269 1366 1299 1422 et
1321 1381 1360 1420 uu

607 1473 759 1552 bouolieul.

377 1595 458 1654 167:
482 1591 552 1652 ibid.
575 1611 603 1652 n.
631 1593 689 1652 25:
717 1594 832 1664 „Pax“.

480 1707 594 1768 Eckhel
614 1726 644 1784 p.
670 1709 727 1767 93:
775 1709 805 1768 in
828 1707 939 1767 antica:
965 1705 1180 1776 „ArunPartlu
1204 1707 1304 1766 ltlax“.
1319 1740 1360 1750 —

403 1817 464 1886 (0fr·
485 1817 581 1874 0⁰h011
614 1823 648 1882 In
677 1841 792 1882 aversa:
818 1820 961 1902 (Uterque
981 1822 1139 1896 imperator
1161 1823 1191 1881 in
1210 1822 1362 1900 quadrigis

422 1891 465 1944 m
483 1907 510 1944 ¹¹⁸
529 1893 575 1958 98)
616 1936 858 2016 triumphalibus,
899 1936 1079 2013 praecedunt
1116 1938 1235 2016 militet,
1281 1939 1363 1997 iuxta

608 2055 741 2129 gestatur
763 2047 939 2131 tropaeum).

376 2170 457 2229 168:
483 2167 597 2227 Eckhel
617 2186 648 2243 p.
673 2168 729 2226 93:
754 2165 857 2224 similis
879 2181 984 2225 numus
1008 2168 1041 2224 ut
1062 2183 1089 2224 a.
1115 2166 1189 2225 167.

479 2281 576 2343 Oohen
599 2301 628 2341 n.
654 2283 712 2340 91:
739 2279 916 2359 „Armenia“
937 2275 1057 2360 (Lucius
1080 2277 1174 2338 Verus
1198 2283 1311 2340 nutele
1334 2284 1363 2341 et

609 2413 646 2456 en
675 2396 758 2456 habit
788 2392 936 2474 militaire,
977 2393 1119 2470 galopant
1155 2395 1173 2452 a
1206 2395 1303 2456 ducite
1333 2400 1363 2458 et

615 2495 762 2588 (liciguant
792 2529 826 2570 aa
848 2511 933 2570 haste
947 2513 1048 2569 contre
1070 2527 1110 2568 un
1134 2508 1292 2570 Armenion
1305 2515 1362 2572 teu·-

610 2626 709 2704 raas63
733 2625 861 2686 domibue
885 2621 926 2685 lui
955 2629 1022 2685 sont
1045 2625 1123 2685 deux
1145 2623 1267 2704 soldato,
1291 2625 1363 2686 dont

612 2740 685 2820 Fun,
709 2741 871 2800 armod’un
894 2736 1035 2819 bouclieu
1059 2741 1133 2800 tient
1154 2740 1181 2800 le
1206 2757 1313 2816 casque
1327 2739 1363 2801 de

557 2937 560 2940 Ι
612 2851 798 2935 lamponem,
823 2859 852 2917 et
866 2857 972 2915 l’autie
994 2859 1078 2932 porte
1100 2873 1156 2915 une
1181 2853 1341 2936 enseigue).

338 2997 377 3057 Hi
421 2999 516 3076 numi,
556 3015 678 3073 quorum
713 3015 862 3058 numerum
903 3015 941 3056 ex
974 2997 1194 3057 collectionibus
1229 2995 1365 3056 Eckhelii

231 3110 294 3174 sive
317 3111 437 3173 Ochenii
460 3130 569 3189 augere
585 3113 661 3191 licet,
686 3113 785 3172 multis
815 3131 850 3171 ac
873 3113 962 3171 variis
975 3112 1069 3173 modio
1084 3111 1363 3173 indicantvictouiae

231 3229 401 3288 aRomauis
426 3227 461 3287 de
485 3227 624 3288 Armenia
657 3227 1026 3308 Parthisquereportataa3
1051 3229 1156 3290 docent
1171 3229 1288 3304 utrique
1311 3227 1363 3286 im-

231 3344 360 3419 peratori
390 3347 561 3402 renovatum
592 3361 656 3404 ease
683 3342 870 3418 imperatoris
900 3361 1005 3404 nomen
1025 3345 1109 3404 aunis
1137 3363 1167 3421 p.
1199 3343 1267 3404 Chr.
1300 3345 1362 3402 163

232 3458 317 3534 (Imp.
341 3459 392 3540 ΙΙ),
419 3459 480 3518 165
505 3459 589 3534 (Imp.
614 3457 679 3539 III),
705 3460 767 3518 166
793 3458 877 3534 (Imp.
901 3457 965 3539 IV),
996 3459 1024 3518 h.
1048 3476 1075 3518 e.
1099 3462 1166 3536 post
1195 3457 1363 3519 Armeniam

233 3572 396 3653 subactam,
425 3574 551 3632 Parthos
581 3573 722 3654 devictoS,
759 3574 939 3650 triumphum
976 3573 1155 3633 celebratum
1166 3574 1196 3648 ¹).
1249 3573 1363 3634 Deinde

233 3689 370 3762 cognosci
393 3690 501 3766 potest,
537 3707 564 3748 a.
588 3707 618 3764 p.
643 3689 711 3748 (ihu.
744 3691 806 3748 166
837 3706 939 3764 pacem
969 3689 1027 3747 iam
1056 3684 1148 3750 fuisse
1178 3683 1363 3748 conciliatam

233 3806 442 3878 peractumque
465 3799 653 3879 triumphum.
700 3802 757 3864 Sed
780 3805 854 3863 haec
877 3799 947 3862 licet
969 3799 1107 3862 momenti
1130 3804 1189 3862 sint
1211 3802 1363 3883 aliquanti,

233 3921 331 3977 tamen
354 3917 424 3976 eolla
440 3909 486 3992 ,ex
515 3919 611 3976 numia
634 3918 671 3976 ad
694 3921 809 3993 tempus
838 3917 906 3977 belli
936 3916 1130 3978 definiendum
1160 3936 1264 3994 panum
1293 3920 1364 3978 certi

235 4035 333 4106 potest
356 4032 514 4112 enucleari,
538 4034 696 4108 propterea
719 4032 797 4107 quod
819 4033 850 4093 iu
872 4033 908 4091 iio
932 4033 982 4108 qul
1005 4052 1032 4094 a.
1055 4035 1117 4094 167
1148 4036 1199 4092 aut
1228 4035 1290 4092 168
1315 4051 1363 4092 ex·

342 4263 369 4331 1)
387 4261 430 4316 De
450 4261 605 4315 instaurato
624 4261 803 4329 Imperatoris
821 4261 932 4316 nomine
951 4261 1026 4330 apud
1044 4266 1192 4332 utrumque
1210 4264 1363 4334 puincipem

208 4373 212 4383 ·
235 4349 283 4404 cfr.
303 4366 374 4419 quae
393 4349 525 4404 dissemit
543 4347 693 4404 Eckheliue
712 4351 767 4405 VII
786 4367 813 4418 p.
834 4351 867 4405 74
886 4366 916 4420 a,
935 4367 962 4420 p.
982 4353 1025 4406 97.
