3308 5190
784 541 818 596 95

212 715 319 789 Quod
343 719 498 780 dolendum
522 725 578 800 est,
602 721 676 780 dola
699 719 821 781 fratrum
846 720 1007 800 Arvalium,
1040 740 1076 781 ex
1100 721 1206 797 quibus
1230 723 1301 781 alias
1326 723 1362 782 de

212 833 330 893 multis
353 835 441 894 rebus
464 836 501 896 ad
525 835 732 912 imperatorum
755 837 950 896 Romanorum
974 837 1125 896 historiam
1149 837 1362 912 pertinentibus
1431 843 1433 847 ’

212 948 327 1009 lucem
351 946 521 1032 aeoipimus,
546 969 600 1027 per
622 955 713 1012 totam
729 952 820 1010 Marri
842 955 968 1011 aetatem
991 969 1085 1028 paene
1108 969 1228 1028 prorsus
1245 969 1297 1010 uos
1313 953 1361 1011 de-

214 1065 366 1124 stituunt.
412 1065 488 1124 Nam
522 1083 598 1141 quae
627 1069 762 1126 servatae
790 1066 875 1125 uobis
900 1070 967 1125 sunt
994 1067 1135 1142 reliquiae
1164 1066 1237 1126 loeis
1260 1063 1362 1126 vaouis

216 1184 386 1255 corruptae
410 1183 497 1240 certis
521 1182 604 1240 aunis
628 1176 717 1240 inseri
741 1200 799 1240 nun
823 1185 956 1257 possunt.
982 1181 1077 1241 Semel
1099 1185 1212 1241 tautum
1236 1183 1266 1241 iu
1289 1183 1362 1241 aulis

218 1293 290 1352 illis
314 1295 444 1353 Marcum
467 1296 646 1372 appellatum
678 1291 810 1355 invenies
833 1299 946 1372 patrem
968 1297 1092 1376 patriae,
1123 1297 1260 1373 intellego
1284 1294 1361 1372 frag-

218 1413 357 1468 mentum
382 1409 526 1486 quoddam
545 1411 621 1470 iuter
636 1428 728 1470 anuos
751 1429 781 1486 p.
800 1410 868 1470 Ohr.
888 1413 950 1472 169
975 1415 1005 1472 et
1030 1414 1090 1472 177
1117 1410 1316 1471 oollooaudum
1330 1411 1361 1486 1).

220 1524 387 1584 Praeterea
417 1529 533 1585 exstant
563 1527 638 1586 duae
667 1526 809 1602 reliquiae
840 1545 963 1602 quarum
993 1528 1021 1586 iu
1047 1516 1183 1588 eorrtextu
1205 1521 1363 1586 Heuaenus

222 1656 336 1698 nomen
359 1637 430 1697 illud
452 1637 625 1720 restituiti).

338 1753 393 1814 Sed
423 1755 453 1812 in
483 1760 621 1831 promptu
651 1759 696 1815 est
726 1754 854 1831 diploma
884 1753 1042 1837 militarei)
1077 1775 1104 1816 a.
1137 1756 1165 1816 d.
1196 1755 1238 1814 Ill
1262 1756 1363 1814 Nonas

234 1868 329 1928 Maias
342 1888 368 1927 a.
387 1871 448 1928 167
473 1870 591 1949 editum,
616 1871 646 1928 in
670 1888 727 1946 quo
740 1871 857 1929 Marcus
881 1870 1045 1930 nominibus
1070 1871 1149 1935 Arm.
1172 1871 1249 1930 Med.
1260 1869 1362 1930 Parth.

231 1987 352 2043 ornatus
376 1989 524 2059 comparet
548 1989 576 2044 et
601 1985 637 2044 L.
654 1985 749 2046 Verus
774 1985 853 2044 Arm.
877 1986 954 2044 Mod.
970 1985 1071 2045 Parth.
1097 1987 1186 2065 Mau,
1211 1990 1364 2062 praeterea

229 2102 354 2174 uterque
384 2099 551 2180 appellatur
577 2119 616 2176 „p
652 2108 703 2176 p.“
730 2135 770 2142 -
796 2097 861 2172 Quo
878 2100 1049 2160 documento
1063 2102 1088 2159 si
1117 2101 1158 2159 uti
1187 2101 1231 2159 vis
1251 2106 1283 2159 ut
1307 2099 1363 2158 fide

229 2213 411 2294 dignissimo,
439 2233 543 2274 revera
558 2215 626 2274 inde
642 2217 821 2291 atriumplro
846 2235 873 2275 a.
892 2218 954 2274 166
979 2219 1099 2290 peraeto
1115 2214 1222 2275 fratros
1246 2215 1363 2292 publice

229 2329 395 2405 appellatos
419 2335 597 2407 essepatres
620 2332 734 2406 patriae
758 2335 808 2390 tuo
822 2332 884 2392 iure
904 2330 1059 2390 concludes
1071 2331 1105 2410 ⁴).
1136 2329 1200 2402 Quo
1225 2349 1363 2390 concesso

230 2464 302 2506 saue
310 2447 514 2522 inscriptiones
522 2449 650 2523 priorum
659 2466 798 2508 annorum
808 2465 882 2524 quas
895 2447 980 2506 modo
988 2448 1017 2506 iu
1029 2447 1153 2506 medium
1165 2446 1363 2522 protulimus5)

230 2563 272 2620 ita
284 2561 494 2638 intellegendas
508 2580 572 2622 esse
585 2564 700 2622 videtur
711 2563 895 2622 statuendum
900 2609 907 2641 ,
927 2567 959 2620 ut
970 2563 1162 2622 temeritatem
1177 2565 1264 2637 alque
1283 2561 1362 2637 iguo-

229 2676 353 2736 rentiam
362 2678 610 2754 reprehendamus
619 2696 717 2737 eorum
726 2678 895 2754 quilapidos
905 2679 1126 2755 inscripserunt,
1136 2677 1278 2752 siquidem
1287 2676 1365 2736 tituli

232 2796 301 2852 suut
323 2793 442 2869 genuini
453 2794 492 2872 ss);
529 2812 629 2853 verum
660 2811 696 2852 ex
725 2793 775 2852 illo
798 2811 918 2852 numero
942 2794 1052 2852 eximas
1075 2793 1161 2852 velim
1186 2791 1364 2868 singularem

343 2921 370 2988 1)
390 2921 421 2976 C.
440 2922 466 2975 J.
485 2923 517 2975 L.
528 2921 569 2974 VI
588 2937 615 2989 p.
635 2921 696 2990 554,
714 2937 740 2974 n.
756 2923 834 2976 2098.

338 3007 496 3076 2)15111.11.
516 3010 584 3064 2091
605 3010 689 3077 (luter
708 3025 795 3063 anuos
816 3010 866 3064 161
887 3014 915 3062 et
935 3010 998 3077 169)
1017 3014 1101 3077 atque
1121 3025 1147 3062 u.
1167 3010 1245 3064 2097.

337 3099 366 3166 8)
385 3097 416 3152 C.
435 3097 462 3151 J.
480 3101 512 3151 L.
532 3098 573 3151 ΙΙΙ
592 3113 619 3165 p.
640 3099 701 3165 888,
720 3097 794 3164 Dipl.
813 3114 839 3150 n.
859 3098 961 3151 XLVI.

335 3186 364 3252 4)
383 3185 461 3240 Idem
480 3186 614 3254 suspicari
632 3185 745 3240 videtur
763 3185 911 3240 Houzeuus
931 3185 967 3242 ad
987 3187 1017 3240 G.
1036 3187 1062 3240 J.
1076 3188 1108 3239 L.
1121 3187 1162 3239 Vl
1177 3187 1254 3242 1012.

337 3275 366 3342 5)
385 3274 515 3328 Ceterum
534 3274 674 3342 prioribus
693 3275 771 3328 aunis
790 3277 822 3329 L.
842 3276 934 3329 Verus
954 3279 1060 3328 tantum
1080 3291 1124 3343 ,‚p.
1138 3276 1183 3343 p.“
1203 3275 1365 3344 appellatur,

232 3378 288 3415 non
307 3362 372 3417 item
391 3363 502 3418 Marcus
521 3362 590 3432 (vid.
608 3380 636 3432 p.
650 3366 684 3419 93
703 3365 738 3432 s.)

339 3453 367 3521 6)
385 3451 491 3507 Eadem
509 3452 664 3507 temeritate
684 3453 728 3507 usi
747 3457 812 3506 suut
831 3453 1000 3522 quadratarii
1023 3453 1051 3506 in
1071 3451 1202 3520 ponendo
1222 3455 1270 3504 aut
1288 3451 1366 3504 omit-

223 3540 318 3608 ¹leudo
336 3541 447 3597 nomine
467 3543 564 3611 „Pont
575 3544 663 3597 max.“
677 3575 710 3582 -
724 3543 801 3598 Haeo
821 3541 970 3610 appellatio
990 3541 1128 3610 reperitur
1141 3541 1168 3593 iu
1182 3541 1268 3594 titulis
1281 3540 1367 3594 Marci

232 3631 264 3683 ut
281 3630 408 3698 exempla
427 3631 539 3685 afferam
557 3630 615 3685 his:

418 3735 441 3774 a.
462 3721 527 3776 161:
546 3720 660 3776 Henuen
680 3723 751 3777 5472
766 3723 878 3776 :Mun
897 3723 958 3790 455,
978 3725 995 3777 3
1015 3722 1153 3791 (Romae).

550 3810 619 3863 Mur.
639 3812 700 3878 239,
721 3811 736 3864 7
756 3809 879 3878 Sestini).

464 3897 530 3951 162:
550 3897 628 3951 Grut.
650 3898 709 3965 156,
729 3899 745 3952 7
764 3897 851 3965 (apud
870 3895 1014 3966 Batavos).

551 3984 633 4040 Orell.
653 3987 705 4041 876
719 4007 750 4030 =
765 3985 884 4053 Bramb.‚
905 3985 935 4040 O.
955 3985 981 4039 J.
995 3983 1083 4039 Rheu.
1102 4001 1128 4038 u.
1144 3986 1257 4040 1931:
1274 3983 1364 4053 Klein,

604 4071 743 4127 Rullus.
765 4073 819 4126 XV
839 4073 932 4142 (1866)
952 4088 979 4140 p.
990 4073 1043 4128 492
1062 4071 1243 4141 (Rigomagi).

463 4161 530 4215 1631
550 4161 630 4214 Grut.
650 4163 711 4229 259,
730 4164 747 4216 9
767 4158 894 4228 (Auximi
914 4161 942 4214 iu
961 4161 1088 4229 Piceno).

551 4248 619 4302 Mur.
640 4251 699 4317 240,
720 4249 734 4301 1
754 4249 915 4317 (Panormi).

464 4337 528 4392 164:
550 4339 580 4392 G.
598 4339 625 4392 J.
644 4342 676 4393 L.
696 4339 721 4392 V
742 4339 811 4394 2153
833 4339 979 4410 (Torcelli)
995 4365 1026 4392 =
1041 4339 1118 4398 Gl'ul.
1134 4342 1194 4409 259,
1206 4341 1247 4395 10.

551 4409 619 4470 Mur.
640 4412 699 4486 240,
718 4411 736 4465 4
755 4411 927 4482 (Camerini).
