3280 5190
800 601 835 666 25

255 809 321 852 cum
343 794 403 852 tam
415 791 537 850 illustris
553 790 667 868 imperii
682 789 835 850 historiam
851 786 979 848 scribere
1002 781 1222 865 aggredimur“.
1253 815 1286 825 —
1313 781 1388 844 Sane

254 905 480 968 narratiunculis
503 905 562 964 illis
576 923 612 966 ea
627 921 703 980 quae
719 901 844 964 debello
863 901 997 963 novimus
1011 897 1218 961 iucundissime
1234 901 1387 975 augentur.

222 1005 225 1011 ¹
254 1023 331 1082 Nam
345 1020 422 1101 vide,
446 1020 642 1097 quamieiune
665 1019 701 1080 de
724 1019 759 1078 L.
773 1019 850 1078 Vero
874 1017 1025 1093 scripserit
1037 1013 1265 1094 Capitolinns¹):
1291 1012 1388 1083 „bello

255 1135 387 1198 coniecto
398 1154 491 1214 regna
503 1135 623 1213 regibus
641 1181 648 1197 .
664 1181 672 1194 .
686 1181 693 1194 .
709 1179 716 1195 .
740 1132 839 1194 uenia
865 1129 1039 1214 (sc.Verus).
1063 1129 1102 1190 At
1113 1129 1241 1191 nondum
1253 1129 1296 1188 uti
1307 1132 1388 1205 pote-

252 1255 300 1312 rat
329 1251 491 1312 Eckhelius
524 1251 658 1327 epistulis
680 1248 850 1326 Frontonis,
879 1248 962 1306 cuius
992 1245 1122 1307 codicem
1152 1245 1327 1321 rescriptum
1350 1242 1387 1302 ab

253 1366 378 1444 Angelio
401 1367 478 1426 Maio
501 1385 559 1426 non
583 1367 701 1444 ignoras
725 1369 829 1441 postea
851 1363 966 1424 demum
988 1362 1025 1422 ad
1049 1363 1143 1422 lucem
1160 1376 1225 1420 esse
1240 1361 1386 1420 vocatum.

253 1484 379 1543 Exstant
408 1486 506 1542 autem
533 1482 563 1540 in
591 1480 716 1558 epistola
750 1479 788 1540 ad
811 1479 919 1539 Verum
946 1479 1035 1538 missa
1043 1476 1067 1559 2)
1092 1477 1164 1538 haec
1188 1475 1293 1536 rerba:
1320 1475 1388 1547 „vel

252 1597 332 1672 quod
355 1597 498 1658 Sohaemo
517 1597 616 1672 potius
639 1613 728 1670 quam
745 1593 910 1670 Vologaeso
933 1610 1056 1670 regnum
1080 1592 1235 1652 Armeniae
1246 1590 1386 1671 (ledisset,

252 1715 302 1772 aut
325 1709 404 1787 quod
426 1711 570 1770 Pacorum
593 1727 685 1786 regno
709 1708 889 1784 privasset“.
929 1707 1006 1767 Hinc
1029 1725 1078 1768 res
1100 1707 1196 1768 denuo
1221 1706 1386 1767 illustratur

252 1829 281 1886 et
310 1825 346 1886 de
380 1827 493 1886 Pacoro
525 1826 664 1885 certiores
687 1823 782 1884 fimus.
828 1823 889 1883 Iam
913 1823 996 1883 iurat
1019 1823 1115 1899 ipsum
1138 1823 1220 1882 illum
1243 1823 1385 1882 Pacorum

251 1940 321 2001 alibi
343 1940 501 2001 invenisse.
537 1940 643 1998 Exstat
665 1939 741 1998 enim
764 1939 794 1996 in
819 1938 1003 2017 sarcophago
1026 1940 1136 1999 Romae
1152 1941 1270 2014 reperta
1281 1938 1385 1998 titulus

251 2057 365 2134 graecis
395 2053 496 2115 literis
511 2039 679 2132 expressus,
690 2053 712 2128 3)
752 2047 782 2110 in
813 2070 871 2127 quo
900 2052 949 2112 ille
980 2071 1012 2114 se
1042 2053 1174 2131 appellat
1199 2044 1385 2129 ,Αὐρήλιος

252 2164 405 2248 Πάκορος
428 2161 577 2249 βασιλεὺς
599 2167 737 2252 μεγάλης
757 2163 952 2245 ’Apparere
977 2167 1151 2243 dedicatque
1169 2165 1385 2241 sarcophagum

250 2279 335 2340 tratri
350 2273 506 2364 Αὖρηλίῳ
525 2280 694 2364 Μεριθάτι.
730 2281 796 2341 Jam
820 2299 885 2341 cum
903 2281 1033 2343 Pacorus
1052 2282 1163 2341 Aurelii
1183 2277 1239 2341 sibi
1255 2278 1385 2339 vindicet

250 2415 364 2476 nomen,
387 2397 438 2455 vix
453 2396 607 2472 quisquam
620 2397 775 2476 dubitabit,
799 2398 870 2473 quin
886 2396 937 2457 ille
954 2398 1134 2474 temporibus
1153 2399 1246 2458 Marci
1268 2400 1297 2456 et
1313 2389 1383 2452 Veri

248 2513 356 2573 vixerit
377 2516 466 2588 atque
488 2509 564 2570 idem
588 2512 626 2570 sit
647 2511 683 2571 de
707 2529 765 2587 quo
776 2511 887 2573 Fronto
910 2513 1049 2588 loquitur.
1095 2512 1199 2588 Itaque
1223 2531 1288 2572 cum
1304 2505 1382 2569 Maio

249 2632 279 2686 et
307 2645 371 2686 cum
402 2625 600 2708 Niebuhri04)
632 2627 776 2706 suspicor,
813 2628 894 2703 illum
923 2627 1082 2688 aParthis
1106 2626 1262 2686 Armeniae
1284 2643 1383 2701 regem

250 2737 429 2821 impositum,
453 2760 472 2800 a
493 2740 570 2802 Vero
593 2736 750 2821 privatum,
789 2743 910 2803 Romam
934 2743 1106 2818 perductum
1128 2741 1227 2817 ibique
1251 2741 1383 2801 clientem

249 2855 372 2916 fratrum
408 2857 615 2932 imperatorum
652 2859 741 2931 atque
771 2858 863 2917 civem
893 2859 1055 2917 Romanum
1083 2875 1148 2917 esse
1179 2855 1297 2916 lactum.
1344 2855 1384 2914 At

249 2976 327 3033 certe
357 2973 464 3032 erroris
494 2970 662 3048 arguendus
685 2975 730 3032 cst
754 2973 934 3033 Niebuhn'us
958 2976 1069 3052 noster,
1092 2974 1235 3032 Pacorum
1260 2970 1382 3030 eundem

248 3103 313 3148 esse
336 3089 468 3147 statuens
491 3090 580 3162 atque
602 3086 684 3145 illum
708 3104 794 3162 quem
817 3085 1025 3164 Capitolinum)
1050 3085 1152 3146 scribit
1175 3086 1212 3145 ab
1233 3081 1382 3145 Antonino

247 3202 300 3262 Pio
330 3201 431 3261 Laeliis
468 3218 567 3278 regem
604 3218 668 3260 esse
698 3201 812 3260 datum.
872 3202 949 3262 Nam
973 3202 1113 3262 ‘omnibus
1141 3200 1322 3277 temporibus
1350 3202 1380 3260 in

247 3333 366 3378 numero
396 3335 497 3394 regum
528 3311 711 3376 orientalium
741 3318 879 3392 permulti
908 3313 1109 3396 inveniuntur,
1141 3313 1248 3392 quibus
1276 3334 1380 3376 nomen

247 3436 291 3492 est
312 3430 481 3512 Pacorusss)

354 3603 382 3671 1)
400 3601 450 3654 rit.
463 3599 532 3654 Veri
549 3615 573 3654 c.
589 3601 614 3669 7,
627 3603 653 3656 8.

352 3691 381 3759 2)
401 3689 437 3743 ad
455 3689 562 3743 Vcrum
579 3689 608 3742 II
627 3692 685 3745 1=
696 3705 724 3757 p.
739 3689 790 3744 127
809 3688 910 3743 Nabcr.

351 3781 380 3849 3)
399 3779 430 3833 G.
444 3779 470 3832 J.
484 3777 517 3831 G.
531 3780 609 3833 6559.
629 3777 697 3847 (vid.
710 3777 766 3830 Tit.
782 3794 808 3831 n.
822 3778 877 3847 28.)

350 3867 379 3935 4)
399 3865 455 3920 vid.
467 3866 503 3921 M.
518 3865 639 3920 Cornelii
649 3865 798 3947 Frontonis
809 3865 942 3934 reliquiae
961 3865 1005 3920 ed.
1018 3863 1152 3934 Niebuhr,
1172 3865 1379 3937 Berclinrsrs,

244 3971 273 4024 p.
286 3955 346 4022 170,
366 3956 460 4007 annot.
473 3955 498 4007 2.

351 4043 380 4110 5)
398 4041 448 4094 vit.
467 4039 606 4095 Antonini
618 4040 662 4094 Pii
681 4058 704 4094 c.
717 4044 742 4109 9,
756 4043 780 4096 6.

352 4131 380 4198 6)
400 4129 491 4194 Quare
504 4129 552 4182 uix
565 4145 637 4197 opus
650 4134 701 4198 est,
714 4134 746 4183 ut
759 4127 886 4182 conferre
899 4133 927 4184 tc
940 4129 1051 4184 iubeam
1064 4130 1248 4185 Dierauorum
1263 4130 1377 4200 (Gcsch.

245 4217 363 4289 Trajans
382 4217 411 4271 in
423 4217 597 4286 Buediugeri
617 4217 758 4283 „Unterss
778 4235 800 4271 z.
820 4222 889 4270 rom.
909 4217 1132 4288 Kaisergesch.“‚
1152 4219 1216 4272 Vol.
1233 4219 1259 4286 Ι)
1277 4236 1305 4287 p.
1317 4221 1376 4290 178,

245 4310 338 4360 annot.
358 4335 391 4345 —
402 4304 445 4359 At
464 4310 529 4359 suut
548 4305 724 4360 observanda
742 4305 830 4360 verba
849 4321 921 4373 quac
941 4306 1086 4359 adnotavit
1103 4305 1238 4359 Franzius
1258 4307 1294 4359 ad
1312 4308 1376 4360 titu-

243 4393 300 4446 lum
318 4399 444 4446 nostrum
462 4394 506 4462 (C.
520 4394 546 4447 J.
567 4393 600 4447 G.
623 4395 719 4462 6559):
749 4393 818 4460 „Hie
836 4381 961 4446 Pacorus
986 4393 1105 4447 sortasse
1130 4393 1183 4446 fuit
1208 4393 1303 4447 Bakur
1320 4395 1376 4464 illc,

244 4497 327 4550 quom
345 4481 457 4536 circiter
475 4497 499 4534 a.
518 4499 545 4550 p.
560 4481 624 4536 Chr.
638 4483 690 4536 150
708 4481 779 4549 parti
793 4479 945 4535 Armeniae
965 4482 1137 4549 praefectum
1150 4481 1236 4535 luisse
1250 4497 1286 4535 er
1298 4483 1377 4538 libris
