3308 5190
861 587 896 643 78

412 769 445 830 0.
472 771 493 829 l.
517 770 553 830 L.
576 771 620 830 ΙΙΙ
644 772 707 831 778
733 764 892 848 (Gerginae
916 764 945 828 in
969 770 1060 829 Moes.
1091 766 1206 844 infer.):

310 879 559 966 (prosalute)
583 891 619 946 et
642 881 812 945 Victoria
836 889 871 945 et
894 881 1104 946 oonoordia
1127 887 1167 946 M.
1192 884 1343 945 Aurelii
1374 882 1442 943 An·

287 995 440 1059 'touini
468 1004 505 1060 et
527 998 588 1082 (L.)
616 1000 705 1064 Aur.
728 995 815 1061 Veri
837 1002 925 1084 Imp.
949 996 1315 1062 Corneliussirmus
1333 1003 1350 1059 'l
1369 999 1446 1076 leg.

309 1112 324 1170 I
345 1113 425 1173 Ital.
450 1133 551 1174 aram
574 1110 719 1190 posuit.

418 1227 450 1290 0.
473 1229 496 1289 Ι.
520 1230 556 1290 L.
587 1229 724 1291 V4089
749 1225 889 1304 (Betriaoi
923 1223 953 1287 in
977 1223 1102 1289 confinio
1129 1221 1285 1289 Mantuani
1316 1234 1345 1290 et
1374 1227 1445 1289 Gre-

309 1337 490 1426 monensis):

335 1453 542 1518 Victoriae
566 1457 654 1535 Aug.
679 1454 864 1519 Antonini
888 1462 924 1520 et
945 1454 1034 1519 Veri
1058 1460 1098 1519 M.
1122 1455 1273 1521 Satrius
1297 1453 1422 1519 maior.

416 1573 436 1650 ἓ
461 1576 490 1633 2.
550 1575 613 1633 Iam
644 1574 809 1655 videamus,
845 1569 920 1650 quid
955 1571 1038 1634 numi
1075 1575 1113 1634 ad
1135 1575 1247 1636 bellum
1269 1569 1448 1635 Parthioum

308 1680 520 1747 illustrandum
553 1690 689 1749 afferant.
735 1688 836 1766 Atque
859 1685 956 1773 primo
979 1685 1099 1766 quidem
1132 1685 1163 1750 in
1197 1685 1372 1753 mentionem
1394 1707 1448 1750 ve·

311 1796 396 1861 niant
414 1778 416 1783 .
435 1798 518 1861 numi
552 1799 668 1879 aliquot
697 1798 812 1882 Graeci,
848 1798 979 1884 Carrhis,
1013 1799 1124 1889 oppido
1158 1799 1209 1865 illo
1255 1803 1400 1865 Osroenes
1413 1803 1448 1882 ¹),
1496 1873 1498 1879 y

310 1911 424 1994 esousi,
447 1913 616 1993 dequibus
639 1913 701 1995 agit
730 1914 936 2002 Eokheliusl).
984 1919 1015 1977 ln
1038 1915 1085 1978 his
1108 1914 1208 1979 numis
1236 1914 1448 1994 inscriptiones

310 2025 414 2091 obviae
437 2035 509 2091 sunt
532 2033 606 2094 hae:

489 2146 601 2208 MAP.
633 2148 735 2209 ΑΥΡ.
777 2148 970 2225 ΦΙΛΩΡ.3)
1009 2149 1057 2209 Μ.
1089 2148 1134 2210 A.
1171 2149 1269 2212 AIP.

603 2266 679 2340 (oum
704 2263 800 2340 eapite
823 2264 915 2323 Marci
937 2264 1132 2340 imperatoris)

310 2374 330 2434 i.
361 2391 387 2436 e.
422 2373 548 2457 Μάρκῳ
576 2368 731 2459 Αὐρηλιή)
757 2369 978 2455 Φιλορώμαιοι
998 2370 1222 2455 μητροπόλεως
1244 2368 1381 2454 πρώτης.
1402 2406 1449 2418 -

311 2488 433 2548 Litteris
469 2492 553 2552 AIP
581 2489 729 2550 indicatur
759 2508 853 2551 annus
877 2494 951 2572 111,
985 2491 1006 2551 i.
1034 2506 1280 2551 somnusue.
1305 2489 1369 2549 919
1399 2489 1450 2551 vel

233 2599 244 2612 ‘
310 2621 341 2678 p.
360 2602 429 2663 chr.
455 2605 530 2663 166.

418 2718 452 2777 ln
475 2722 559 2795 parte
583 2718 709 2779 adversa
731 2720 856 2797 legitur:

482 2831 585 2894 ΑΥΡ.
632 2829 898 2892 ΚΑΡΡΗΝΩΝ
943 2832 1104 2896 ΦΙΛΩΡ.
1148 2833 1196 2894 Μ.
1242 2838 1285 2896 A.

312 2947 331 3006 i.
355 2965 380 3007 e.
407 2938 582 3022 Αὖρηλίων
606 2943 784 3024 Καρρηνῶν
809 2940 1042 3021 Φιλορωμαιίον
1063 2941 1287 3026 μητροπόλεως
1311 2941 1451 3026 πρώτης·

420 3061 453 3120 ln
477 3060 542 3119 aliis
566 3059 689 3137 legitur:

633 3169 864 3233 ΚΑΡΗΝΩΝ
908 3168 1142 3236 ΦΙΛΟΡΩΜ.

469 3291 536 3347 aut:
578 3284 679 3346 ΑΥΡ.
727 3287 997 3350 ΚΑΡΡΗΝΩΝ
1042 3283 1303 3348 mIAOPJtOA.

470 3407 537 3461 ant:
586 3396 691 3460 KOA.
739 3394 845 3459 ΑΥΡ.
892 3395 1165 3463 ΚΑΡΡΗΝΩΝ.

601 3519 677 3588 (oum
698 3512 794 3590 effigie
817 3515 910 3573 Marci
933 3517 984 3574 aut
1005 3513 1041 3572 L.
1066 3513 1157 3590 Veri).

419 3629 546 3691 Carrhas
560 3632 650 3707 igitur·
663 3629 744 3688 vides
757 3629 899 3689 coloniam
915 3624 1064 3705 designari
1081 3647 1244 3706 nomenque
1267 3628 1452 3694 Aureliae

315 3747 486 3826 obtinuisse,
518 3750 606 3822 atque
630 3743 784 3805 deductam
808 3761 873 3804 esse
896 3745 974 3803 illam
1005 3744 1121 3820 quidem
1144 3764 1163 3804 a
1185 3745 1224 3804 M.
1246 3733 1367 3806 Aurelio
1390 3745 1451 3816 An-

316 3863 417 3922 tonino
441 3879 477 3920 ex
501 3879 535 3922 eo
558 3862 700 3940 sequitur,
732 3858 810 3936 quod
835 3862 953 3918 exstant
976 3860 1062 3918 etiam
1086 3859 1166 3918 numi
1189 3860 1219 3918 in
1242 3859 1350 3934 quibus
1374 3862 1452 3921 inest

318 3976 411 4036 Marci
430 3980 482 4036 ant
502 3976 572 4036 Veri
595 3993 700 4035 nomen
723 3979 774 4034 aut
796 3978 885 4050 eaput
907 3975 969 4033 sine
993 3975 1138 4034 mentione
1161 3968 1303 4033 coloniae.
1339 3972 1452 4047 Quodsi

319 4087 585 4170 „lllslopoipaeos‘⁴
599 4093 789 4168 appellantur
805 4089 957 4169 Carrheni,
982 4089 1018 4149 de
1033 4090 1262 4164 Mesopotamiae
1274 4089 1452 4164 populorum

425 4246 453 4303 n
473 4243 523 4298 cfr.
543 4243 635 4314 suun,
653 4211 733 4299 uem.
753 4243 780 4297 a.
799 4247 867 4296 rom.
886 4241 999 4311 natans,
1018 4241 1046 4295 11
1065 4257 1091 4308 p.
1110 4240 1172 4295 324.

426 4337 454 4402 2)
474 4332 580 4388 Eolrhel
598 4334 632 4387 D.
652 4350 678 4387 n.
698 4334 740 4387 III
759 4350 793 4401 p.
806 4335 857 4388 506
876 4347 898 4386 s.

425 4422 454 4490 3)
472 4437 503 4476 re
522 4421 876 4481 vorainnumisnonnullis
894 4420 951 4491 legi
972 4421 1100 4473 ΦΙΛΩΡ
1117 4433 1169 4486 pro
1189 4419 1314 4470 ΦΙΛΟΡ
1331 4419 1452 4474 testatur

317 4510 469 4570 Eokhelius
487 4510 504 4564 l.
525 4526 548 4568 o.
