3280 5190
855 525 891 591 54

303 713 334 773 in
356 713 421 775 loeo
444 713 571 790 quodam
594 716 707 778 mediae
729 713 842 794 Syriae,
873 715 921 774 oni
940 733 1044 776 nomen
1074 717 1119 776 est
1145 734 1223 776 nuno
1253 713 1450 797 rl-uuube;

304 830 495 906 quiquidem
525 835 662 892 exaratus
690 834 734 892 est
757 851 784 890 a.
808 849 838 907 p.
870 829 938 890 Chr.
965 833 1044 908 1623
1075 831 1186 891 indicat
1208 833 1283 892 enim
1307 832 1342 892 L.
1366 831 1452 892 Veri

303 945 482 1005 tribunatum
506 948 677 1006 seeundum.
704 978 743 991 -
758 947 891 1006 Eundem
907 945 1050 1006 Attidium
1066 944 1268 1008 Cornelianum
1289 949 1345 1006 viri
1357 947 1449 1006 doeti

304 1063 488 1138 agnoverunt
498 1062 528 1120 in
544 1062 628 1121 titulo
646 1061 804 1142 Geraseno,
828 1063 879 1138 qui
892 1065 987 1122 exstat
1010 1060 1076 1122 CJ.
1086 1060 1121 1122 G.
1131 1064 1215 1122 4661
1229 1060 1262 1143 ¹),
1287 1066 1449 1142 exaratus,

304 1178 337 1235 ut
359 1174 485 1255 videtur,
509 1195 537 1235 a.
561 1195 590 1235 u.
616 1195 641 1236 4.
667 1179 818 1254 9132p.
842 1176 911 1238 Chr.
936 1179 1010 1241 160.
1045 1177 1103 1236 Η14
1125 1177 1240 1257 titulus,
1264 1179 1289 1237 si
1310 1180 1341 1238 in
1357 1155 1447 1238 Add.

304 1283 341 1350 a'd
354 1288 386 1350 C.
405 1290 433 1349 J.
459 1288 526 1366 C.²)
549 1295 629 1353 reete
649 1292 702 1351 tibi
721 1293 865 1353 restititus
887 1292 1005 1351 videtur
1031 1309 1106 1371 esse,
1132 1291 1274 1352 Attidium
1297 1294 1345 1353 vol
1368 1293 1448 1352 inde

304 1406 341 1465 ab
363 1405 415 1465 illo
438 1423 515 1464 anno
530 1405 699 1480 provinciae
728 1399 832 1480 Syriae
855 1401 1018 1480 praefuisse
1041 1406 1147 1481 prioris
1171 1401 1248 1465 tituli
1270 1406 1448 1466 testimonio

304 1523 420 1582 constat
428 1519 462 1601 ³).

392 1634 454 1696 lam
484 1637 590 1695 tertius
623 1639 720 1695 exstat
748 1636 867 1715 titulus,
897 1633 1092 1712 fragmentum
1120 1632 1262 1694 fastorum
1272 1631 1296 1716 ⁴)
1321 1633 1447 1709 eollegii

303 1751 487 1812 sacerdotum
508 1752 558 1825 qui
581 1746 612 1809 in
624 1751 762 1827 templum
778 1751 855 1810 Iovis
868 1751 1099 1827 Propugnatoris
1115 1751 1270 1810 convenire
1293 1749 1443 1810 solebant.

303 1866 409 1926 Testes
433 1873 501 1926 sunt
516 1867 547 1926 hi
569 1864 650 1944 fasti,
674 1884 750 1925 anno
774 1884 802 1924 u.
828 1885 853 1924 4.
880 1865 1040 1924 9421ᾶί1).
1066 1861 1169 1924 Octob.
1192 1866 1266 1940 Imp.
1279 1864 1444 1926 Commodo

302 1981 344 2041 VI
367 1984 397 2041 et
419 1982 555 2040 Petronio
579 1976 756 2057 septimiano
781 1997 855 2040 ooss.
880 1977 910 2039 in
933 1981 1047 2039 Palatio
1069 1981 1098 2038 in
1122 1979 1194 2039 aede
1212 1981 1291 2040 lovis
1324 1984 1443 2060 Propu-

303 2099 436 2174 gnatoris
473 2098 504 2156 in
539 2098 635 2157 looum
658 2098 692 2156 P.
716 2096 813 2156 Martii
836 2095 905 2155 Veri
944 2098 1110 2170 cooptatum
1140 2113 1205 2154 esse
1233 2095 1268 2154 L.
1293 2095 1443 2157 Attidium

302 2211 507 2273 Cornelianum
531 2212 712 2286 eundemque
745 2230 821 2270 anno
844 2213 977 2270 vertente
1000 2229 1029 2268 u.
1051 2228 1076 2268 o.
1103 2209 1167 2268 950
1200 2211 1262 2268 vita
1284 2228 1350 2271 esse
1371 2211 1441 2271 fun-

302 2332 391 2387 ctum.
436 2328 522 2388 Hune
556 2325 698 2387 Attidium
741 2325 944 2386 Cornelianum
966 2321 1142 2407 Franziusi)
1177 2325 1275 2404 alium,
1311 2324 1441 2387 fortasse

302 2442 394 2502 filium
416 2442 643 2519 intellegendum
667 2459 732 2501 esse
757 2442 892 2517 opinatur
922 2442 983 2500 eius
1007 2458 1093 2516 quem
1122 2439 1208 2498 modo
1231 2459 1440 2500 commemora-

301 2559 406 2616 vimus.
452 2555 493 2615 At
516 2556 637 2616 eundem
651 2575 685 2614 ao
706 2557 837 2634 legatum
861 2556 963 2632 Syriae
987 2573 1052 2615 eum
1075 2572 1139 2615 esse
1152 2554 1400 2631 Waddingtouius
1411 2554 1438 2633 6)

302 2674 449 2734 existimat
472 2673 727 2747 adstipulaturque
742 2671 1005 2752 Marquardtiusl).
1030 2671 1092 2730 Hos
1116 2671 1206 2747 igitur
1229 2671 1253 2728 si
1276 2672 1438 2750 sequimur,

302 2805 480 2864 praenomen
504 2786 608 2845 Attidii
632 2785 799 2846 Corneliani
822 2785 877 2845 fuit
900 2787 1026 2864 Lueius3
1050 2802 1226 2860 quamquam
1249 2801 1297 2843 res
1320 2791 1440 2845 nonest

302 2907 392 2963 serta.

406 3018 441 3076 In
464 3035 583 3078 numero
607 3035 707 3077 eorum
730 3019 780 3094 qui
793 3017 871 3076 bello
895 3015 1068 3075 Armeniaoo
1091 3005 1438 3074 Parthioointerfueuunt

409 3239 436 3306 1)
455 3237 649 3307 intellegenda
672 3244 715 3294 est
740 3240 846 3295 Gerasa
870 3237 972 3293 nobilis
994 3237 1041 3290 illa
1066 3235 1134 3289 urbs
1157 3237 1186 3290 in
1205 3234 1342 3302 Deoapoli
1361 3249 1436 3304 quae

302 3323 383 3396 Syria
400 3325 558 3379 nominatur
577 3327 630 3380 sita
649 3327 778 3395 (Ptolem.
798 3329 824 3381 V
839 3328 880 3395 15,
900 3329 934 3381 23
955 3351 987 3373 =
1006 3325 1070 3379 Vol.
1083 3325 1111 3378 ll
1130 3342 1158 3393 p.
1177 3327 1211 3380 64
1229 3325 1351 3392 Nobbe).
1381 3325 1436 3380 Ne·

301 3429 355 3484 que
380 3412 537 3468 confundas
561 3415 658 3468 urbem
686 3431 749 3468 eum
775 3415 829 3469 alia
853 3413 977 3468 eiusdem
1002 3413 1120 3466 nominis
1143 3413 1172 3466 in
1191 3412 1300 3468 Arabia
1318 3414 1437 3468 Petraea

304 3503 358 3555 sita
376 3502 504 3570 (Ptolem.
524 3505 551 3558 V
571 3506 612 3573 17,
631 3505 649 3557 4
669 3529 701 3551 --.
726 3504 790 3557 Vol.
810 3502 837 3556 ll
855 3519 883 3571 p.
903 3502 1077 3571 69114554),
1109 3518 1180 3571 quae
1200 3501 1312 3571 quidem
1335 3502 1370 3556 ab
1389 3502 1437 3556 illa

300 3595 445 3658 separatur
463 3607 514 3660 per
533 3597 620 3646 totam
640 3606 731 3659 paene
753 3591 885 3659 „primam
904 3590 1106 3645 Palaestinam“
1127 3605 1198 3659 quae
1217 3589 1383 3644 nominatur.
1400 3620 1435 3629 -

301 3679 358 3735 Cfr.
378 3679 462 3733 Kuhn
480 3679 497 3733 l.
517 3697 541 3734 4.
564 3697 591 3748 p.
610 3683 672 3736 383.
691 3682 754 3735 378.

408 3772 436 3838 2)
456 3769 486 3823 C.
505 3770 533 3823 J.
551 3768 585 3823 G.
604 3769 646 3822 111
665 3786 692 3838 p.
713 3770 790 3826 1184.
811 3798 844 3806 —
864 3767 929 3822 Vid.
948 3769 1058 3823 titulum
1077 3766 1149 3821 infra
1166 3767 1222 3820 Tit.
1241 3783 1267 3820 n.
1288 3768 1330 3822 25.

406 3859 436 3925 3)
454 3857 545 3912 Etiam
563 3857 800 3926 Waddingtonins
819 3857 867 3925 (ad
881 3859 950 3913 2562
968 3857 996 3926 d)
1016 3857 1156 3913 Attidium
1170 3857 1365 3912 Cornelianum
1378 3856 1433 3926 leg.

303 3958 399 4012 pur-pr.
420 3943 518 4014 Syriae
537 3944 624 4000 fuisse
644 3945 705 3999 vult
723 3945 751 3998 iu
770 3947 823 4000 fine
843 3944 982 3999 Antonini
1002 3945 1044 3998 Pii
1062 3946 1198 4014 initioque
1216 3945 1310 4001 Marci.

408 4033 438 4101 4)
456 4034 571 4088 Heuzen
591 4035 661 4090 6051
682 4059 714 4081 =
735 4034 766 4088 C.
785 4035 812 4088 J.
830 4037 862 4088 L.
882 4034 923 4086 VI
942 4035 1012 4089 2004
1031 4034 1098 4100 (vid.
1117 4034 1189 4088 infra
1206 4034 1263 4088 Tit.
1282 4052 1308 4090 n.
1327 4038 1385 4106 27.)

407 4123 436 4190 5)
454 4122 487 4175 In
505 4119 655 4176 Addendis
674 4120 709 4175 ad
728 4121 759 4176 C.
778 4121 804 4175 J.
824 4121 857 4176 G.
876 4121 917 4175 Ill
936 4138 963 4189 p.
983 4122 1061 4177 1183.

407 4211 436 4280 6)
454 4210 562 4278 Explio.
581 4210 616 4264 ad
646 4211 739 4265 Lebas
757 4227 784 4264 n.
804 4213 874 4266 2562
892 4209 911 4263 d
939 4215 967 4265 41
986 4212 1095 4280 Compi.
1114 4209 1191 4266 reud.
1215 4209 1251 4265 de
1269 4210 1431 4267 l'aeaddmie

302 4295 351 4352 des
370 4297 453 4352 inser.
473 4305 501 4353 et
518 4298 724 4367 belles-lettres,
745 4298 823 4351 Paris
843 4299 921 4366 1065,
940 4315 1024 4352 nonu
1044 4297 1124 4368 serie,
1144 4299 1177 4351 T.
1196 4298 1218 4368 1,
1237 4316 1264 4367 p.
1284 4301 1344 4355 120.

408 4388 435 4456 7)
456 4384 632 4440 Staatsverw.
651 4386 665 4440 I
684 4388 743 4455 265,
763 4391 849 4440 annot
867 4388 892 4442 7.
