3280 5190
769 565 804 621 15

320 747 339 825 ξ
365 750 394 808 2.
432 747 496 806 Jam
526 746 605 822 quod
633 745 846 807 dissertationis
873 747 990 804 nostrae
1022 744 1108 819 quasi
1136 748 1180 803 est
1208 741 1344 820 medulla,

215 861 311 935 ipsum
341 860 448 921 bellum
470 864 628 920 tractemus
657 859 736 935 quod
766 858 950 937 Vologaesus
976 858 1019 918 llI
1049 858 1099 918 diu
1120 862 1255 934 paratum
1278 856 1345 918 novi

215 975 438 1035 Romanorum
430 976 544 1052 imperii
567 972 620 1036 init
620 977 648 1035 io
607 974 780 1036 tintulit.

318 1089 404 1166 Capit
405 1089 541 1171 clinum1)
569 1091 594 1150 si
622 1090 780 1169 sequimur,
810 1089 924 1150 initium
953 1086 1061 1148 iactum
1092 1093 1176 1148 esta
1199 1086 1269 1164 fuga
1293 1087 1344 1148 At-

214 1205 277 1264 tidii
312 1204 477 1266 Corneliani
513 1205 604 1281 legati
633 1203 731 1282 Augg
760 1222 806 1281 pr.
837 1222 884 1280 pr.
914 1203 1082 1279 provinciae
1104 1202 1274 1278 Syriae.-
1304 1203 1344 1263 At

212 1319 321 1379 rectius
351 1337 412 1378 rem
440 1320 524 1379 nobis
554 1319 711 1379 tradidisse
738 1318 880 1380 concedes
904 1318 1028 1377 Dionem
1051 1315 1221 1392 Cassiani)
1268 1317 1345 1377 Huic

213 1435 238 1492 si
263 1435 417 1513 oredimus,
448 1435 560 1494 initium
583 1435 631 1495 vel
653 1435 751 1510 potius
781 1451 870 1494 causa
893 1433 962 1493 belli
986 1431 1041 1491 fuit
1063 1433 1232 1508 repentinus
1256 1429 1344 1492 Volo-

212 1549 295 1624 gaesi
316 1549 551 1624 Parthorumque
570 1549 707 1628 impetus,
731 1567 789 1624 quo
805 1550 1000 1609 Romanorum
1021 1546 1200 1624 praesidium
1213 1548 1343 1627 Elegiae,

212 1665 242 1721 in
271 1662 396 1723 confinio
427 1661 632 1739 Cappadociae
661 1666 690 1724 et
714 1663 906 1743 A1·meniae,³)
935 1679 1110 1739 oppressum
1133 1666 1162 1722 et
1185 1681 1250 1722 cum
1270 1662 1344 1723 duce

211 1777 369 1837 Severiano
393 1778 520 1838 deletum
544 1781 598 1839 est.
645 1775 710 1849 Quo
724 1775 802 1838 facto
814 1777 1011 1854 Vologaesum
1026 1775 1152 1838 affirmat
1164 1778 1221 1836 Dio
1232 1778 1344 1854 ingenti

211 1893 341 1952 exercitu
363 1893 545 1968 processisse
567 1893 605 1952 ad
628 1892 716 1952 urbes
741 1891 881 1972 Sy1·iae,⁴)
912 1911 947 1952 ac
975 1893 1047 1952 satis
1070 1910 1207 1969 magnum
1229 1892 1342 1967 pericu·

212 2005 272 2064 lum
295 2011 365 2066 tunc
388 2008 531 2066 institisse
552 2009 677 2066 testatur
700 2004 899 2081 Capitolinus:
924 2006 1014 2081 Syros
1035 2008 1112 2067 eninr
1128 2007 1164 2066 de
1181 2004 1343 2066 deiectione

212 2117 392 2197 cogitasse.⁵)
422 2155 464 2164 -
495 2121 574 2196 Ergo
597 2119 790 2199 Vologaesus,
819 2120 850 2179 ui
872 2117 968 2200 fallor,
1002 2121 1141 2182 Armenia
1171 2139 1236 2180 cum
1265 2125 1344 2180 essct

208 2237 327 2314 potitus,
352 2254 406 2312 per
428 2235 645 2314 Cappadociam
669 2235 699 2293 in
724 2232 837 2310 Syriam
861 2251 1034 2311 progressus
1055 2239 1108 2295 cst.

311 2350 486 2412 Severianus
521 2350 571 2410 ille
601 2350 694 2409 Marci
721 2350 835 2426 imperii
864 2350 944 2410 initio
980 2350 1094 2426 legatus
1130 2350 1253 2426 Augusti
1289 2367 1343 2424 pro

209 2471 345 2540 praetore
373 2465 543 2541 provinciae
570 2461 777 2538 Cappadociae
806 2466 878 2522 erat.
938 2463 1088 2540 integrum
1117 2482 1222 2524 nomen
1251 2462 1344 2522 fuisse

209 2578 398 2639 P.Aelium
411 2575 658 2641 Severianum
674 2577 870 2636 Maximum
883 2577 1082 2637 doccttitulus
1095 2578 1213 2654 quidam
1223 2580 1344 2638 Bostrae

209 2692 282 2753 urbe
313 2694 495 2755 nobilissima
524 2691 694 2770 provinciae
717 2694 845 2753 Arabiae
867 2691 1041 2775 repertura)
1074 2693 1161 2752 Hunc
1182 2693 1272 2769 igitur
1294 2693 1343 2754 Se·

210 2810 361 2868 verianum
391 2809 482 2869 tradit
504 2810 561 2869 Dio
590 2811 620 2868 in
647 2811 756 2885 impetu
779 2809 829 2868 illc
855 2809 1011 2884 Vologaesi
1035 2827 1100 2868 cum
1123 2809 1259 2868 universo
1287 2808 1343 2867 Ro-

211 2939 361 2998 manorum
396 2918 544 2998 praesidio
580 2941 638 2998 quo
669 2923 772 3000 Elegia
801 2922 941 2999 oppidum
977 2923 1133 2984 tenebatur
1167 2917 1343 2982 trucidatum

210 3033 316 3117 essai)
362 3035 427 3108 Quo
454 3041 651 3097 commovetur
674 3037 890 3116 BorghesiuS,⁸)
920 3041 952 3097 ut
974 3040 1044 3097 tunc
1066 3039 1157 3098 totam
1180 3039 1237 3114 leg.
1261 3035 1346 3098 XXII

210 3150 430 3210 Deiotarianam
452 3153 567 3228 perisse
597 3152 765 3212 contendat.
829 3151 886 3212 Sed
916 3151 989 3212 haoo
1023 3153 1121 3228 opinio
1158 3171 1344 3230 nequaquam

211 3263 363 3324 confirmat
351 3269 408 3325 t.ur
454 3267 545 3326 Multo
569 3267 756 3328 verisimilius
785 3266 865 3326 videt
853 3270 901 3326 tur
931 3264 1167 3346 Marquardtiol)
1200 3268 1343 3345 legionem

318 3392 483 3461 1)Capitol
502 3393 551 3447 vit
569 3395 699 3448 Marcio.
718 3398 744 3465 8,
762 3398 787 3452 6.

316 3480 418 3548 2)Ι)ἱο
438 3481 503 3550 epit.
484 3482 570 3536 tlib.
591 3482 632 3552 71,
652 3498 713 3552 cap.
733 3483 827 3539 ainis.

316 3568 382 3636 38)
385 3568 459 3637 te.ph
479 3571 546 3642 Byr.
566 3587 630 3641 pag.
650 3574 710 3627 264.
736 3573 831 3629 Mein:
861 3575 1003 3644 ’,Ελέγιια
1023 3577 1135 3645 χωρίον
1161 3579 1256 3644 πέραν
1281 3577 1343 3632 Ed-

211 3656 334 3726 qusov,
356 3655 516 3728 Ἀρριανος
536 3662 567 3712 ἐν
585 3661 792 3730 Παρθικων
776 3683 802 3727 '1

315 3744 503 3814 4)Dioepit.
527 3747 574 3803 lib
594 3749 637 3818 71,
662 3755 767 3822 capt,
795 3753 868 3807 init:
880 3755 1138 3823 καὶτῆςΣυρίας
1159 3751 1342 3810 ιαίςιιόλεσι

211 3833 300 3890 πολύς
319 3833 400 3905 supet
421 3838 471 3886 καὶ
492 3837 626 3905 φοβερός.

317 3921 346 3986 5)
365 3921 483 3988 capitol.
503 3921 553 3976 vu.
572 3924 641 3978 verr
660 3941 683 3979 e.
698 3928 723 3994 o,
742 3916 767 3984 a.

317 4009 345 4076 6)
364 4009 661 4082 Lebas-Waddingtou
681 4014 750 4071 1943
770 4040 802 4064 =
822 4017 852 4071 C.
865 4017 893 4070 J.
905 4019 938 4072 L.
956 4017 1000 4071 ΙΙΙ
1017 4018 1060 4073 91.
1079 4018 1145 4085 lpse
1163 4016 1236 4071 tituli
1254 4015 1342 4072 verba

209 4093 266 4148 vid.
276 4094 304 4149 in
323 4097 376 4152 fine
388 4097 469 4152 huius
481 4098 566 4154 libelli
586 4101 750 4172 (Titum).
764 4135 797 4142 -
811 4103 940 4159 Adnotut
957 4105 1201 4175 Waddingtonius,
1218 4105 1342 4175 legatum

209 4181 287 4254 Aug.
300 4201 341 4252 pr.
354 4202 396 4254 pr.
414 4203 494 4254 prov.
513 4185 638 4244 Arabiae
657 4190 744 4246 fuisse
762 4193 839 4246 illum
857 4193 886 4247 in
905 4194 961 4250 fine
979 4194 1087 4264 imperii
1105 4192 1244 4272 Antonini
1262 4193 1314 4252 Pil.
1359 4175 1364 4197 ι

317 4275 345 4343 7)
364 4275 419 4329 Dio
437 4275 455 4329 l.
475 4293 498 4330 o.

317 4363 345 4432 8)
365 4363 468 4434 Borgh.
488 4365 611 4422 Oeuvres
630 4369 671 4423 IV
690 4371 750 4426 264.
770 4371 797 4426 V
809 4372 870 4428 375.

320 4453 347 4522 9)
366 4453 536 4528 llarquardt,
553 4455 634 4515 Rdm.
653 4455 773 4514 Staatsv.
791 4461 844 4534 lp.
864 4462 924 4531 213,
943 4466 1029 4517 annot
1056 4462 1097 4522 11.
