3280 5190
803 561 839 618 41

243 743 330 822 mine,
354 739 414 803 alla
436 760 553 818 qnoque
575 742 688 801 ratione
712 741 788 801 eruit
799 738 820 821 1)
845 773 886 784 -
910 740 987 800 Nam
1010 757 1075 798 oum
1091 734 1210 800 Cassius
1233 745 1373 802 asenatu

243 857 335 917 hostis
364 860 442 918 esset
472 857 639 938 deelaratus
663 859 751 931 atque
775 855 934 915 seeundum
957 854 1111 931 pristinam
1135 856 1374 918 consuetudinem

243 989 347 1031 nomen
370 972 426 1031 viri
449 973 477 1030 in
500 972 693 1031 monumentis
716 970 842 1046 publicis
865 987 986 1047 prorsus
1010 970 1155 1046 exstingui
1179 970 1329 1032 debuisset
1338 969 1373 1053 ²),

243 1085 273 1144 id
297 1086 414 1162 quidem
437 1088 467 1146 in
488 1087 582 1146 titulis
606 1086 685 1146 illius
701 1085 805 1146 honori
828 1084 970 1145 dedicatis
990 1082 1099 1144 factum
1114 1101 1189 1163 esse,
1212 1085 1255 1145 itu
1278 1091 1374 1149 autem

242 1204 276 1260 nt
298 1201 400 1262 leviter
422 1204 536 1260 tantum
560 1201 742 1278 exsculptum
766 1199 852 1260 facile
876 1201 935 1276 legi
957 1203 1058 1275 posset
1067 1199 1099 1273 ³).

319 1316 423 1402 sDum
458 1316 573 1392 Syrium
616 1316 800 1376 administrat
830 1315 959 1394 Cassius,
1006 1315 1135 1374 Bucolici
1169 1315 1308 1391 militesl)
1345 1320 1375 1377 in

244 1429 381 1508 Aegypto
410 1438 643 1511 resurrexerunt,
672 1431 708 1490 de
736 1450 794 1507 qno
821 1431 947 1490 tumulto
977 1431 1059 1508 legas
1083 1448 1158 1505 quae
1181 1438 1375 1493 narraverunt

244 1542 472 1628 Capitolinum),
497 1544 655 1606 Vulcanius
674 1547 843 1607 Gallicanus
853 1547 888 1624 i),
911 1547 966 1604 Dio
990 1543 1150 1628 cassium).
1197 1543 1376 1608 Inoitaverat

245 1656 435 1721 rebellionem
459 1660 588 1720 Isidorus
612 1661 760 1740 sacerdos,
785 1666 872 1736 alque
895 1661 968 1720 satis
991 1677 1126 1735 magnum
1148 1661 1277 1721 instabat
1299 1665 1376 1738 peri-

246 1775 353 1854 eulum,
378 1793 443 1834 oum
469 1777 608 1835 universa
631 1772 691 1834 fere
723 1774 908 1851 Aegyptum)
929 1771 1146 1834 sollicitaretur.
1199 1775 1269 1836 Fnsi
1292 1775 1375 1856 iuga-

245 1891 326 1964 tiqne
350 1892 418 1949 sunt
442 1891 565 1949 Romani
589 1891 695 1949 milites
719 1891 769 1964 qni
793 1892 822 1948 in
838 1887 977 1964 Aegypto
1000 1889 1168 1968 tendebant,
1192 1895 1281 1967 atque
1304 1911 1375 1969 quo-

245 2006 340 2064 minus
352 2006 417 2080 ipsa
432 2000 609 2064 Alexandria
632 2009 787 2079 superetur
799 2022 856 2062 non
881 2004 1051 2079 impeditum
1064 2009 1109 2064 est
1122 2006 1178 2064 uisi
1191 2006 1285 2066 Cassii
1307 2026 1374 2083 pro-

246 2138 317 2195 pero
342 2120 479 2180 adventu.
517 2118 646 2194 Contigit
669 2120 754 2196 enim,
778 2123 809 2177 ut
833 2117 964 2177 homines
987 2120 1116 2179 seditiosi
1145 2120 1376 2182 dissensionibus

247 2235 355 2295 exortis
385 2236 422 2295 ud
452 2234 624 2309 obsequium
653 2235 782 2293 redirent
792 2231 825 2314 9).
874 2233 970 2309 Atque
1005 2238 1111 2294 motam
1146 2253 1374 2313 oppressamque

354 2417 382 2482 1)
402 2414 458 2470 Cir.
478 2430 550 2484 queo
569 2412 714 2467 adnotavit
732 2411 832 2465 Wadd.
853 2412 888 2465 ad
907 2429 933 2466 n.
953 2415 1023 2467 2212
1042 2418 1071 2468 et
1090 2414 1198 2482 Compt.
1217 2416 1295 2470 rend.
1313 2419 1331 2472 l.
1351 2437 1374 2473 e.

353 2507 380 2570 2)
400 2502 445 2557 Sis
464 2502 568 2556 fuctum
589 2517 650 2556 esse
670 2500 795 2555 meminis
820 2499 855 2554 de
874 2501 1059 2556 monumentis
1078 2502 1229 2556 Domitiani
1247 2510 1276 2558 et
1295 2506 1374 2561 Com·

245 2590 321 2644 modi
349 2591 560 2658 imperatorum:
592 2590 668 2644 Suet.
696 2588 802 2643 Domit.
832 2593 880 2657 233
910 2593 1021 2658 Lampr.
1042 2591 1146 2645 Comm.
1167 2593 1208 2660 17,
1227 2595 1252 2647 6.
1281 2625 1314 2633 -
1339 2596 1375 2650 Ut

246 2681 374 2747 exempla
398 2679 520 2746 afferam,
550 2677 695 2733 Commodi
727 2693 827 2731 nomen
859 2693 967 2732 erasum
987 2687 1043 2733 est:
1069 2680 1100 2734 C.
1123 2681 1150 2734 J.
1174 2683 1206 2734 L.
1229 2682 1375 2752 vl10233

245 2767 358 2822 Henaen
377 2769 462 2834 65973
481 2767 644 2820 Domitiani:
665 2767 779 2820 Heuzen
798 2767 876 2821 5431.

352 2858 380 2923 3)
399 2854 532 2924 Aspicies
551 2855 646 2909 titulos
666 2870 701 2910 ex
720 2854 820 2908 Wadd.
845 2853 1007 2923 desumptus
1026 2856 1054 2908 in
1072 2855 1126 2911 fine
1150 2857 1235 2913 libelli
1254 2860 1306 2914 mei
1326 2877 1374 2929 po-

246 2943 323 2997 sitos.
342 2944 409 3011 (Tit.
428 2961 454 2997 n.
468 2945 594 3010 34-39).

351 3034 380 3099 4)
399 3033 442 3087 De
454 3031 595 3087 Bucolicis
614 3031 832 3085 ofr.Reimsrum
852 3029 1014 3084 sdDionem
1034 3032 1121 3099 Cass,
1141 3033 1177 3100 ΙΙ,
1196 3034 1294 3101 plius
1314 3052 1375 3091 anu.

246 3120 476 3190 ad1.73(‚‚se‹l
503 3121 549 3189 qui
574 3119 708 3188 „milites‘
732 3120 819 3172 Mario
844 3149 876 3156 -
897 3133 935 3171 so.
959 3118 1045 3172 Mario
1070 3120 1188 3173 Maximo
1214 3153 1246 3160 -
1272 3124 1375 3178 rectius

246 3211 401 3278 „latrones“
427 3209 481 3263 dici
501 3209 668 3264 debebantr.
686 3238 719 3246 —
745 3206 909 3274 „Bouxdluu
927 3206 1006 3259 vullis
1030 3207 1165 3276 quaedam
1184 3209 1212 3261 in
1230 3207 1376 3282 Aegypto,

246 3300 447 3356 exundationes
466 3297 520 3352 Nili
539 3296 695 3365 reeipiens“
716 3312 739 3350 e.
762 3313 788 3364 q.
812 3311 833 3348 s.
853 3325 886 3333 ——
905 3295 969 3349 Vid.
989 3295 1131 3350 Heliodor.
1156 3295 1292 3367 Aetlriop.
1312 3301 1324 3353 Ι
1344 3304 1375 3368 ‘23

245 3390 315 3455 1153
334 3387 438 3443 Herod.
457 3387 540 3440 1117.

351 3480 378 3545 5)
398 3477 446 3529 vit.
459 3475 545 3529 Marci
563 3490 587 3528 e.
602 3477 634 3528 21
651 3473 709 3526 init.

351 3568 379 3634 6)
398 3566 447 3619 vit.
460 3563 547 3618 Avid.
567 3565 644 3619 Cass.
665 3581 688 3617 e.
701 3567 726 3631 6,
746 3563 770 3618 7.

351 3658 378 3724 l)
398 3655 452 3708 Dio
472 3655 515 3721 71,
533 3655 558 3708 4.

351 3747 379 3812 8)
399 3742 455 3798 Cli.
475 3741 529 3796 Dio
549 3743 591 3810 71,
609 3741 626 3795 4
645 3740 718 3793 luit:
739 3742 789 3791 καὶ
810 3742 877 3797 τούς
896 3738 997 3795 ἄλλους
1015 3741 1200 3809 Αἰγυπτίους
1220 3760 1375 3809 ττροστιττο.

247 3833 409 3898 στήσαντες.

350 3921 378 3988 9)
397 3919 452 3973 Dio
480 3918 498 3972 l,
518 3934 553 3986 c„
578 3919 636 3983 52:
791 3915 857 3970 roric
882 3914 913 3966 ἐν
938 3913 1080 3983 Αἰγύπτῳ
1097 3915 1263 3984 Ῥωμαίους
1290 3919 1374 3981 νική-

247 4023 346 4066 σαντες
365 4010 477 4077 μικροῦ
498 4008 550 4057 ττὶα
570 4007 621 4070 τὴν
637 4002 850 4072 Ἀλεξάνδρειαν
870 3991 958 4062 εἶλον,
978 4002 1003 4050 τί
1019 3999 1198 4068 μτῐΚτὶσσιος
1216 4004 1247 4054 ἐκ
1260 4005 1374 4070 Συρίας

245 4099 395 4166 πεμφθεὶς
415 4092 584 4157 ἐτιάιίτούς,
605 4094 654 4143 καὶ
677 4089 876 4157 στρατηγήσεις
896 4085 964 4138 ὥστε
981 4089 1031 4150 τήν
1044 4090 1115 4154 ττρός
1133 4086 1268 4150 α’ὶλήλους
1289 4092 1375 4156 σφῶν

246 4182 394 4254 ὁμόνοιαν
413 4183 500 4233 λῦσαι
520 4184 570 4233 καὶ
590 4175 777 4240 τίτιάλλήλων
790 4173 992 4241 τίττοχωρίσαι,
1011 4171 1061 4223 deul
1081 4175 1136 4241 γαρ
1156 4175 1206 4236 τήν
1225 4173 1375 4225 τίαόνοιαν

246 4274 295 4322 καὶ
315 4271 348 4322 τὰ
367 4269 477 4332 πλῆθος
493 4266 593 4318 otrus
614 4264 667 4316 ου’ττ
688 4262 832 4330 ἐθάρρησε
849 4261 1010 4331 συμβαλεῖν
1028 4258 1153 4326 diodoro
1171 4258 1280 4322 αστοῑς,
1300 4255 1374 4311 οὕτω

243 4353 278 4419 dp*
301 4355 516 4412 στασιάσαντας
536 4352 721 4421 ἐχειρώσατο.
751 4379 784 4386 -
814 4346 932 4415 Capitol.
951 4346 1000 4400 vit.
1020 4343 1206 4399 diducitur:
1226 4361 1306 4414 „eum
1325 4359 1376 4413 per

243 4441 408 4514 Aegyptum
418 4439 545 4494 Bucolici
557 4438 657 4493 milites
670 4437 767 4506 gravio
785 4437 871 4490 multu
883 4435 1022 4503 lesissent,
1041 4449 1092 4502 per
1101 4431 1235 4487 Avidium
1248 4433 1374 4488 Cassium
