3280 5190
659 1728 831 1817 Appendix
855 1727 876 1798 Ι.

412 1843 448 1900 L.
466 1843 564 1900 Verus
583 1844 731 1912 quemodo
750 1843 818 1911 lpse
837 1841 952 1896 bellum
972 1841 1119 1908 gesserit.

303 2008 372 2084 lpse
402 2007 438 2066 L.
462 2006 568 2087 Verus,
600 2008 714 2068 etiamsi
738 2024 851 2066 summa
873 2001 946 2067 belli
970 2005 1095 2065 adeum
1122 2004 1219 2064 delata
1243 2005 1331 2081 esset,

185 2126 242 2186 vel
278 2124 354 2183 nihil
383 2123 431 2182 vel
454 2129 534 2183 certe
563 2122 714 2199 paululum
737 2123 845 2200 effecit,
878 2125 909 2180 ut
931 2121 1041 2181 bellum
1070 2123 1221 2194 gereretur
1243 2121 1333 2193 atque

188 2239 401 2301 cenfieeretur.

303 2353 381 2412 Nam
402 2352 470 2412 vide
493 2351 610 2428 qualem
634 2352 669 2413 L.
678 2352 747 2412 Veri
771 2352 927 2428 imaginem
944 2349 1124 2426 expresserit
1139 2345 1331 2423 Capitolinus.

192 2465 351 2526 Describit
363 2468 384 2541 ¹)
408 2484 483 2544 eum,
514 2483 579 2524 eum
602 2466 720 2524 tandem
743 2467 773 2525 in
797 2465 913 2541 Syriam
935 2464 1129 2542 pervenisset,
1160 2463 1333 2522 Antiochiae

192 2588 224 2642 et
257 2581 404 2657 Daphnae
438 2580 558 2657 proeliis
596 2580 779 2656 gladiatoriis
809 2581 1022 2656 venatibusque
1058 2596 1183 2639 navasse
1213 2595 1332 2654 operam

191 2695 367 2771 bellumque
388 2691 493 2771 legatis
518 2695 696 2755 commisisse
717 2695 887 2774 gerendum,
912 2695 979 2754 dum
998 2696 1114 2755 Marcus
1133 2695 1242 2753 Romae
1265 2692 1333 2752 belli

193 2812 344 2871 rationem
359 2807 512 2870 habuisset
530 2814 763 2886 apparatumque
785 2811 980 2871 instruxisset.
1016 2808 1130 2884 Quibus
1146 2809 1239 2870 addas
1256 2823 1332 2883 quae

195 2925 275 2986 alibi
283 2925 307 3000 ²)
331 2926 475 3004 exposuit,
499 2925 580 2983 illum
603 2926 660 2984 iam
684 2925 752 2984 dum
774 2942 854 2984 mare
869 2926 1006 2985 traiceret
1027 2924 1228 3001 voluptatibus
1247 2922 1334 2998 quasi

200 3041 360 3120 irretitum,
384 3039 569 3099 Antiochiam
584 3058 649 3099 eum
672 3041 864 3118 pervenisset,
887 3041 965 3100 vitae
981 3040 1093 3100 ratione
1106 3039 1333 3114 haudquaquam

195 3155 352 3214 immutata
395 3154 432 3213 ab
463 3155 541 3215 omni
568 3154 685 3231 negotio
715 3171 808 3230 paene
842 3172 966 3213 vacuum
1004 3154 1127 3214 hiemem
1157 3153 1332 3232 Laodiceae,

197 3272 341 3330 aestatem
364 3269 520 3348 Daphnae,
549 3268 691 3343 reliquam
715 3269 784 3329 anui
806 3272 921 3343 partem
944 3269 1118 3329 Antioohiae
1140 3270 1182 3329 ita
1204 3263 1332 3347 degisse,

197 3388 232 3443 ut
256 3384 390 3444 omnibus
402 3383 484 3460 Syris
507 3382 580 3443 risui
603 3389 698 3462 esset,
722 3401 776 3460 per
792 3385 1015 3459 quadriennium
1037 3384 1145 3443 bellum
1168 3400 1221 3459 per
1244 3383 1332 3442 duces

200 3500 341 3578 gessisse,
369 3497 494 3558 Statium
517 3500 660 3579 Priscam,
684 3495 825 3558 Avidium
842 3499 985 3578 Cassium,
1009 3500 1143 3558 Martium
1156 3497 1274 3559 Verum.
1289 3529 1331 3541 -

200 3613 284 3672 Haec
299 3631 475 3690 quamquam
498 3617 557 3674 non
572 3614 609 3674 ad
634 3615 755 3674 verbum
771 3614 897 3675 fortasse
915 3614 1166 3691 suntaooipienda
1189 3648 1230 3656 -
1256 3633 1331 3674 eom·

203 3730 314 3803 pressis
344 3731 419 3790 enim
443 3730 528 3805 quasi
552 3730 687 3790 manibus
710 3729 822 3790 sedisse
845 3730 927 3789 illum
951 3747 1046 3806 neque
1069 3729 1194 3804 vestigio
1218 3745 1250 3789 se
1273 3747 1333 3788 mo·

202 3845 281 3905 visse
316 3846 347 3904 in
374 3844 444 3905 belli
474 3841 676 3928 diuturnitate]
704 3846 755 3904 vix
785 3845 887 3905 eredas
918 3847 1065 3922 certisque
1092 3843 1266 3905 testimoniis
1289 3844 1332 3900 in-

204 3957 335 4019 firmatur
345 3960 368 4034 3)
392 3993 435 4004 —
464 3963 561 4019 tamen
592 3977 668 4035 quae
692 3960 728 4020 de
755 3962 817 4020 vita
839 3961 917 4021 illius
940 3963 1106 4038 accepimus
1129 3978 1188 4020 non
1210 3959 1333 4019 multum

204 4090 222 4131 a
244 4074 366 4134 veritate
389 4074 489 4134 vident
477 4078 526 4133 tur
547 4074 714 4136 abhorrere.

206 4177 410 4188 -—.-.—.

310 4217 405 4287 1)vit.
424 4219 508 4273 hiare
527 4234 551 4273 e.
570 4218 596 4288 8,
615 4220 657 4275 12.

310 4307 339 4373 2)

356 4305 405 4359 vit
424 4305 535 4360 Veric.
555 4306 854 4376 hita-sqq—Cir.
873 4322 946 4378 quae
959 4308 1091 4377 saprade
1109 4308 1208 4364 itinere
1226 4304 1333 4363 L.Veri

204 4391 442 4463 diximus(p.18,
463 4396 517 4464 19).

309 4485 338 4553 3)
309 4482 413 4539 scir.
432 4482 481 4537 vit.
499 4483 568 4538 Veri
588 4500 611 4538 c.
630 4485 655 4556 7,
674 4487 699 4540 6.
