3308 5190
835 545 870 613 08

283 730 363 812 quod
387 735 444 796 Dio
475 736 566 798 tradit
577 732 600 818 1)
623 737 761 797 Martium
792 735 901 798 Verum
931 737 1010 797 illius
1042 741 1138 797 motus
1172 737 1267 812 ipsum
1290 735 1432 798 Marcum

282 852 487 928 imperatorem
512 853 665 912 certiorem
687 849 803 912 feeisse.

391 969 464 1026 Post
500 967 619 1026 eaedem
654 966 749 1027 Cassii
779 967 884 1044 Syriae
916 967 1101 1042 praestitisse
1132 969 1268 1026 Martium
1298 985 1363 1026 eum
1387 983 1432 1025 ex

286 1081 380 1141 Dione
390 1079 415 1162 ²)
439 1085 522 1158 patet
544 1086 603 1141 tum
629 1080 793 1141 affirmatur
815 1083 980 1172 testimonio
1003 1082 1081 1141 tituli
1104 1082 1430 1156 cniusdam'Philippo-

286 1197 357 1277 poli,
380 1195 454 1257 urbe
477 1195 579 1272 Syriae
603 1197 756 1276 repertii),
787 1215 874 1273 quem
892 1199 968 1256 inter
981 1214 1073 1256 annos
1098 1201 1161 1256 177
1186 1201 1215 1256 et
1232 1199 1294 1256 179
1320 1215 1429 1256 exara-

286 1314 347 1370 tum
371 1327 437 1372 esse
465 1315 547 1372 reete
577 1313 680 1373 statuit
709 1312 1003 1391 Waddingtonius⁴);
1033 1331 1099 1370 nam
1124 1309 1229 1372 obvius
1264 1316 1310 1370 est
1340 1311 1427 1371 Com-

286 1424 389 1485 modus
418 1427 510 1486 Maroi
533 1423 611 1486 filius
634 1428 750 1486 nomine
776 1425 957 1506 §sputorum
981 1426 1146 1503 Augustum
1170 1431 1266 1486 autem
1291 1427 1426 1502 appella-

286 1545 348 1600 tum
371 1558 436 1600 eum
460 1559 527 1602 esse
551 1542 620 1602 inde
649 1543 686 1601 ab
717 1561 744 1600 a.
776 1545 839 1601 177
872 1542 1034 1602 Eekhelius
1062 1543 1316 1621 demonstravitt),
1346 1543 1425 1601 lilar-

288 1657 420 1731 tiumque
442 1675 468 1719 a.
493 1657 556 1716 179
579 1657 684 1715 iterum
708 1657 856 1715 eonsulem
884 1655 975 1716 fuisse
1005 1658 1090 1717 titulo
1114 1656 1261 1718 Orelliano
1293 1659 1354 1716 881
1389 1656 1427 1716 de

287 1788 346 1847 quo
370 1771 491 1847 666166)
515 1766 643 1830 diximus
666 1769 801 1831 efficitur.

390 1879 525 1961 Denique
548 1881 679 1945 invenies
703 1887 736 1945 P.
761 1887 897 1946 Mustium
930 1887 1038 1946 Verum
1068 1889 1098 1946 iu
1127 1886 1212 1946 fastis
1243 1883 1303 1946 illis
1327 1903 1425 1944 saeer-

288 1998 388 2060 dotum
418 2001 501 2060 Jovis
540 2002 782 2080 Propugnatoris,
819 2020 942 2077 quorum
978 2003 1036 2060 iam
1058 2005 1145 2062 antea
1175 1998 1288 2086 mentio
1322 1997 1424 2081 fuiti).

289 2115 334 2174 Ex
365 2115 411 2175 his
440 2112 539 2194 colligi
570 2119 678 2196 potest,
718 2120 885 2192 cooptatum
915 2116 996 2174 illum
1027 2135 1091 2176 esse
1125 2119 1305 2186 „Praesente
1336 2116 1366 2174 lI
1394 2119 1425 2174 et

288 2229 438 2291 Condiano
462 2237 559 2291 ooss.“
585 2233 604 2290 i.
629 2249 655 2290 e.
679 2251 706 2292 a.
729 2251 757 2308 p.
776 2231 845 2291 Chr.
872 2233 945 2310 179,
969 2235 1056 2307 atque
1081 2233 1205 2291 cessisse
1227 2231 1321 2290 loeum
1341 2225 1421 2289 Idib.

288 2345 355 2407 Oet.
380 2367 407 2407 a.
433 2348 496 2406 189
521 2347 556 2405 L.
568 2346 680 2405 Attidio
702 2345 886 2406 Corneliano.

391 2463 512 2521 Praeter
535 2461 588 2520 hos
613 2478 687 2536 quos
711 2460 846 2540 diximus,
877 2461 1000 2520 Statium
1023 2462 1166 2540 Priscum,
1191 2461 1329 2520 Avidium
1353 2461 1424 2521 Cas-

292 2599 497 2609 -—--.--...--.-..

396 2672 622 2741 mmmm

396 2779 636 2849 omum
807 2824 811 2849 ,

394 2883 1296 2956 ummm=memwmmmmu

393 2995 422 3063 4)
441 2997 534 3048 annot.
554 2993 590 3048 ad
609 2993 719 3046 titulum
738 2991 838 3045 Wadd.
857 2993 935 3047 9071.

394 3104 422 3169 5)
442 3101 476 3154 D.
490 3117 516 3154 n.
530 3100 586 3153 Vll
605 3116 632 3167 p.
652 3099 712 3154 137.
731 3129 764 3137 -
784 3101 877 3166 Leges
896 3113 967 3166 quae
986 3096 1072 3150 tradit
1089 3095 1230 3168 Lamprid.
1250 3096 1298 3149 vit.
1319 3096 1424 3150 Comm.

288 3191 312 3256 2,
325 3190 356 3244 4:
377 3205 457 3256 „oum
476 3193 554 3256 patre
573 3189 724 3256 imperator
744 3191 787 3240 est
806 3187 962 3254 appellatus
981 3187 1008 3239 V
1027 3185 1089 3238 Kal.
1103 3185 1171 3238 Dee.
1191 3184 1237 3240 die
1255 3187 1382 3241 Pollione
1396 3192 1426 3241 et

289 3277 371 3346 Apro
396 3276 574 3331 oonsulibus“
601 3281 636 3345 (u.
658 3277 720 3343 176)
746 3281 775 3328 61
793 3275 860 3330 ibid.
881 3276 922 3342 19,
941 3277 973 3330 4:
1000 3291 1078 3340 „oum
1096 3277 1176 3341 patre
1201 3275 1357 3342 appellatus
1375 3277 1423 3329 im·

287 3370 400 3434 perator
414 3366 439 3418 V
450 3365 494 3418 Kl.
514 3365 747 3433 Exsuperatorias
766 3365 893 3418 Pollione
907 3369 935 3418 et
947 3361 1029 3430 Apro
1043 3362 1143 3416 iterum
1156 3367 1263 3416 eonss.“
1279 3393 1312 3402 -
1326 3365 1424 3433 Itaque

287 3455 457 3510 Commodus
478 3455 660 3523 ,1166666106α
681 3454 837 3522 appellatus
850 3453 962 3506 videtur
982 3467 1044 3506 esse
1063 3453 1117 3505 iam
1137 3457 1256 3506 exeunte
1277 3454 1423 3508 6176.-

286 3542 420 3596 Hausisse
447 3547 538 3596 alutem
563 3542 676 3596 ridetur
694 3541 872 3610 Lampridius
902 3556 936 3594 ex
957 3541 1027 3593 aotis
1053 3539 1174 3607 publicis
1198 3540 1260 3608 ipsa
1279 3540 1424 3594 Commodi

286 3635 377 3684 aetate
398 3632 532 3686 exaratis:
563 3631 612 3685 eir.
636 3630 776 3685 Zueroher
797 3629 998 3696 „Commodus“
1025 3627 1064 3696 (in
1077 3628 1215 3697 Bueding.
1238 3629 1380 3695 „Uuterss
1400 3647 1422 3682 a.

287 3720 731 3789 6066116166666616111808)
760 3735 786 3786 p.
807 3719 866 3773 994.
892 3749 926 3756 -
952 3717 1008 3772 Sed
1032 3717 1155 3772 ostendit
1178 3717 1328 3772 Eokhelius
1353 3718 1370 3771 l.
1391 3734 1424 3785 6.,

286 3823 386 3863 revera
412 3809 594 3864 Commodum
618 3808 741 3877 Augusti
767 3811 795 3862 et
819 3807 998 3875 Imperatoris
1024 3805 1182 3859 nominibus
1206 3806 1234 3858 iu
1258 3806 1349 3859 numis
1368 3823 1423 3859 uon

288 3904 351 3952 ante
371 3913 395 3951 a.
414 3915 440 3965 p.
462 3898 524 3952 Chr.
544 3899 594 3953 177
615 3902 742 3951 ornatum
763 3911 834 3964 esse,
853 3897 937 3964 paulo
958 3900 1050 3949 autem
1070 3895 1146 3962 prius
1160 3895 1356 3962 imperatorem
1375 3911 1423 3948 no-

287 3986 420 4040 miuatum
439 4001 521 4056 quam
540 3985 714 4056 Augustum.
733 4017 767 4024 —-
788 3984 843 4042 Cfr.
864 3985 900 4038 de
919 3983 971 4038 hae
990 3999 1020 4037 re
1041 3983 1122 4036 etiam
1141 3982 1299 4048 Tillemont,
1317 3987 1376 4035 not.
1390 3984 1425 4037 90

287 4075 324 4128 ad
341 4075 376 4128 M.
396 4074 504 4144 Aurei,
525 4075 572 4128 ubi
593 4073 741 4128 ostendere
761 4074 863 4141 studet,
890 4089 961 4141 „qne
981 4070 1132 4126 Commode
1152 4068 1245 4124 66610
1266 4070 1316 4124 fuit
1334 4070 1423 4137 Impe-

177 4203 179 4208 .
287 4172 364 4218 rator
384 4179 418 4218 on
438 4166 489 4219 176
511 4167 539 4216 61
557 4162 686 4231 Auguste
706 4177 740 4215 en
761 4163 828 4217 177⁸
850 4159 925 4229 (Vol.
945 4160 973 4213 Il
992 4176 1018 4226 p.
1038 4160 1111 4226 509).
1131 4189 1165 4198 -
1184 4158 1226 4211 De
1245 4157 1372 4226 Augusti
1391 4158 1423 4210 ti-

287 4254 346 4308 tulo
366 4252 424 4322 agit
442 4253 637 4319 Mommsonus‚
657 4249 770 4304 Staatsr.
790 4249 831 4302 112
848 4265 875 4316 p.
897 4249 950 4302 748
970 4262 1030 4315 sqq.
1049 4247 1110 4300 897.
1130 4247 1208 4313 1100,
1227 4247 1252 4299 4.
1273 4246 1341 4302 1109
1360 4260 1382 4298 6.

397 4351 413 4403 0
466 4390 471 4402 .
491 4349 534 4403 66.

398 4351 426 4518 7)
445 4367 560 4500 Iidenzen
579 4444 664 4512 60573
684 4443 740 4497 vid.
760 4442 808 4496 Tit
826 4458 853 4495 n.
874 4441 922 4510 273
942 4439 992 4494 ofr.
1012 4453 1077 4509 pag.
1097 4439 1138 4494 54.
