3308 5190
775 529 809 582 65

343 701 378 762 Iu
400 704 456 764 hac
478 721 510 764 re
523 721 755 785 perseveramus,
779 705 915 766 Avidium
933 704 1065 766 Cassium
1088 707 1118 768 in
1140 706 1218 767 bello
1234 705 1372 768 Parthico

238 819 409 893 primarium
422 819 566 894 quendam
589 820 684 880 locum
701 818 873 898 obtinuisse,
898 823 927 878 et
950 820 1028 896 quod
1052 838 1099 880 res
1115 837 1255 896 prospere
1272 823 1373 896 gestae

165 965 168 970 ι
239 938 307 993 sunt
328 929 373 992 illi
395 935 536 1010 imprimis
560 933 669 994 deberi.
717 932 802 1010 Cepit
831 934 907 993 enim
938 934 1099 994 Seleuciam
1111 933 1144 1014 1),
1174 930 1372 1010 victoriasque

239 1048 276 1108 ab
299 1067 334 1108 eo
356 1053 521 1125 reportatas
545 1049 675 1108 indicant
701 1049 834 1118 „litterae
856 1049 1026 1108 laureatae“
1052 1065 1126 1125 quas
1146 1049 1263 1109 Junium
1279 1048 1371 1108 Maxi·

239 1181 316 1222 mum
346 1160 495 1224 tribunum
524 1165 645 1224 Romam
675 1164 789 1224 misisse
824 1166 951 1223 testatur
979 1164 1088 1224 Fronto
1118 1166 1149 1224 in
1179 1163 1305 1240 epistula
1334 1161 1372 1222 ad

238 1279 335 1353 ipsum
365 1277 502 1338 Avidium
532 1277 664 1338 Cassium
696 1276 808 1358 data2).
865 1277 899 1337 Iu
928 1296 988 1353 qua
1013 1279 1140 1354 epistula
1162 1279 1285 1337 virtutos
1309 1278 1373 1338 eius

239 1394 395 1473 militares,
425 1399 458 1454 ut
481 1395 546 1470 ipsa
568 1393 661 1452 verba
684 1394 814 1472 afferam,
845 1393 901 1452 hoc
935 1393 1020 1452 modo
1044 1393 1216 1454 laudantur:
1254 1393 1315 1462 „ita
1338 1392 1375 1452 de

238 1508 388 1569 laboribus
418 1513 447 1569 et
477 1509 605 1568 consiliis
634 1508 693 1567 tuis
718 1510 746 1568 et
769 1507 914 1566 industria
944 1512 973 1567 et
1002 1509 1157 1584 vigilantia
1185 1503 1373 1592 praedicator

237 1624 347 1700 ubique
369 1622 625 1701 frequentissimus
655 1623 787 1682 exstitit“
801 1622 823 1697 3)
842 1668 1003 1694 .......
1007 1641 1157 1699 nunquam
1187 1624 1314 1683 cessavit
1342 1625 1373 1682 iu

237 1757 394 1815 vesperum
406 1757 499 1815 usque
524 1735 641 1798 fabulas
663 1740 781 1796 nectere
798 1737 933 1796 itinerum
953 1741 1068 1797 tuorum
1088 1742 1117 1797 et
1140 1737 1311 1814 disciplinae
1335 1736 1373 1796 ad

235 1851 366 1931 priscum
383 1872 491 1913 morem
515 1849 664 1912 institutae
677 1870 711 1910 ac
731 1853 879 1930 retentae3
904 1856 964 1911 tum
988 1853 1018 1910 in
1049 1853 1163 1928 agmine
1186 1852 1319 1913 ducendo
1343 1855 1373 1912 et

237 1987 326 2030 manu
350 1967 527 2028 conserenda
550 1965 744 2024 strenuissimi
766 1965 879 2040 vigoris
892 1967 935 2024 tui
949 1970 978 2024 et
1001 1967 1233 2026 consultissimae
1263 1983 1369 2042 oppor-

236 2084 372 2144 tunitatis
443 2089 500 2142 ..“.
525 2081 607 2142 Haec
616 2077 798 2140 affirmantur
817 2080 953 2139 laudibus
977 2099 1051 2156 quas
1075 2081 1177 2141 Cassio
1202 2080 1372 2160 Gallicanus

237 2200 343 2260 tribuit
352 2195 387 2279 ¹¹).

339 2314 384 2372 De
407 2312 495 2372 rebus
519 2331 537 2371 a
556 2310 658 2372 Oassio
680 2313 748 2387 post
772 2310 879 2370 bellum
892 2310 1062 2370 Parthicum
1083 2311 1173 2387 gostis
1193 2311 1269 2370 etde
1293 2316 1373 2370 motu

237 2445 324 2504 quem
353 2427 510 2488 concitavit
546 2444 636 2502 supra
669 2427 793 2504 egimus.
848 2421 914 2486 Hoc
942 2426 1006 2485 loco
1036 2425 1066 2485 id
1097 2426 1190 2486 solum
1220 2425 1371 2504 addamus,

238 2656 330 2716 verba
351 2653 450 2716 facere
462 2658 494 2730 5).

577 2772 608 2844 4)
632 2771 683 2832 Dc
706 2772 739 2830 P.
764 2771 905 2830 Martio
929 2769 1036 2830 Vero.

345 2887 507 2962 Pergamus
538 2885 575 2943 ad
604 2885 721 2944 tertium
751 2903 837 2961 quem
867 2885 897 2944 in
920 2884 1024 2943 duoum
1048 2902 1168 2944 numero
1191 2883 1372 2962 Capitolinus

239 3004 383 3080 numerat,
420 2996 526 3075 quibus
560 2999 594 3058 L.
624 2999 719 3060 Verus
750 2999 858 3058 bellum
896 3000 1056 3075 gerendum
1095 3000 1313 3079 commiscuit),
1337 3000 1372 3058 P.

239 3128 339 3181 Wadd.
366 3130 443 3195 2528,
464 3127 541 3194 2486,
562 3129 631 3182 2530
651 3128 694 3194 (=
716 3127 747 3181 Ο.
765 3127 791 3180 J.
810 3126 843 3180 G.
856 3127 948 3194 4542),
968 3128 1059 3180 25365
1073 3126 1117 3192 (=
1131 3125 1293 3194 Wetzateim
1312 3125 1374 3180 Ab·

239 3215 331 3270 handl.
351 3217 377 3270 d.
397 3215 471 3270 Berl.
489 3213 582 3270 Acad.
596 3217 674 3283 1863,
693 3231 720 3282 p.
741 3216 792 3270 255
811 3231 881 3284 sqq„
899 3231 926 3267 n.
946 3217 1018 3282 165).
1032 3245 1065 3252 -
1079 3212 1148 3267 Alia
1166 3215 1275 3283 seditio,
1295 3215 1374 3268 ouius

241 3306 379 3374 particeps
399 3310 458 3359 erat
480 3305 555 3374 legio
586 3304 636 3357 III.
669 3304 747 3371 Gali,
778 3304 814 3356 ad
841 3304 1019 3374 Heliogabali
1047 3302 1224 3370 imperatoris
1255 3307 1374 3358 aetatem

240 3399 351 3462 spectat
370 3395 436 3463 (Dio
456 3395 499 3463 79,
518 3395 556 3463 7).

347 3485 374 3553 1)
393 3483 450 3537 vid.
469 3497 554 3551 sopra
573 3498 599 3551 p.
619 3485 662 3538 29.

347 3575 374 3640 2)
395 3571 431 3625 ad
450 3571 554 3625 amicos
573 3571 587 3624 l
606 3573 630 3625 6.
651 3572 689 3639 (p.
710 3571 761 3626 178
780 3570 894 3640 Naber).

347 3664 375 3731 3)
395 3677 433 3714 so.
452 3660 553 3715 Junius
572 3659 617 3715 ille
636 3660 780 3714 Maximus.

346 3752 375 3819 4)
393 3749 441 3803 vit.
461 3747 548 3803 Avid.
568 3749 645 3802 Cass.
666 3765 689 3801 c.
709 3751 725 3804 3
745 3765 805 3818 sqq.
842 3749 997 3816 Praecipue
1012 3747 1188 3802 observanda
1206 3751 1270 3800 sunt
1288 3747 1376 3800 verba

243 3852 312 3905 quae
332 3841 443 3892 exstant
462 3853 485 3889 o.
505 3838 521 3892 3
541 3840 555 3900 ξ
574 3835 605 3888 8:
631 3834 702 3904 „fuit
724 3841 871 3904 praeterea
899 3837 1061 3905 disciplinae
1090 3835 1214 3889 militaris
1239 3840 1322 3889 tenax
1348 3839 1376 3888 et

243 3925 289 3992 qui
308 3941 338 3980 se
357 3924 472 3980 Marium
492 3923 547 3976 dici
565 3922 677 3977 uellet“.

347 4017 375 4083 5)
395 4013 472 4068 Suid.
492 4027 513 4065 s.
532 4029 558 4066 v.
579 4015 689 4084 ζεῦγμα
709 4011 734 4079 (Ι
753 4013 777 4080 2,
797 4028 824 4079 p.
851 4015 903 4069 711
923 4012 1101 4084 Bernhardy3
1126 4031 1152 4082 p.
1170 4015 1223 4070 459
1242 4011 1375 4086 Β5151555)Ι

242 4105 341 4158 Hausit
359 4102 479 4156 fortasse
499 4116 534 4154 ex
553 4099 644 4153 Dione
664 4099 771 4168 Cassio,
791 4115 846 4168 qua
871 4102 906 4156 de
931 4117 1016 4155 causa
1040 4103 1162 4158 editores
1186 4103 1214 4156 in
1238 4101 1374 4170 fragmen-

242 4196 331 4245 torum
350 4191 476 4258 integrae
495 4187 594 4242 Dionis
614 4185 746 4241 historiae
761 4203 878 4242 numero
892 4194 1048 4258 posuerunt
1065 4191 1155 4245 illam.
1169 4190 1235 4245 edit.
1254 4191 1376 4244 Reimar.

241 4279 392 4348 Hamburg.
421 4279 497 4346 1752,
523 4276 587 4332 Vol.
612 4276 648 4344 ΙΙ,
673 4292 701 4344 p.
728 4276 795 4330 1261
828 4278 1010 4348 (Fragmenta
1039 4279 1137 4333 Dionis
1167 4294 1202 4333 ex
1227 4277 1322 4346 Suida)
1347 4281 1375 4331 et

243 4367 370 4423 Dinuorf.
390 4367 454 4421 Vol.
473 4367 523 4422 IV.
541 4382 569 4434 p.
590 4363 649 4418 171.

348 4455 376 4525 6)
396 4453 485 4524 Capit.
503 4453 553 4512 rit.
571 4451 641 4509 Veri
659 4467 683 4507 c.
703 4454 727 4524 7,
747 4455 771 4508 1.
