3308 5190
826 578 861 631 92

375 755 451 816 Mira
480 759 525 815 est
556 757 629 816 haec
663 755 861 833 discrepantia
894 758 971 818 iuter
997 757 1191 834 Capitolinum
1228 761 1257 817 et
1291 773 1405 817 numos.

275 868 373 941 Quare
398 869 559 930 Eokhelins
583 873 747 931 accuratius
777 889 922 948 exponere
960 891 1033 948 opus
1071 890 1135 933 esse
1169 875 1281 933 censuit
1292 871 1324 953 ¹),
1348 891 1406 948 quo

273 983 382 1044 factum
406 985 454 1064 sit,
479 990 511 1045 nt
534 987 614 1044 numi
637 989 706 1046 anto
728 1007 755 1047 a.
770 990 832 1048 176
850 988 965 1047 titulum
988 988 1201 1064 illumprorsus
1223 991 1405 1064 spernerent.

273 1101 376 1160 Liceat
399 1104 572 1177 argumenta
594 1102 649 1160 viri
672 1101 832 1162 doctissimi
853 1101 982 1162 breviter
1004 1121 1150 1168 enarrare.

382 1213 425 1272 Ac
455 1214 580 1289 primum
610 1214 727 1290 quidem
747 1215 906 1294 contendit,
940 1217 1130 1292 imperatores
1168 1217 1261 1292 petris
1295 1217 1409 1293 patriae

274 1347 380 1396 nomen
404 1346 469 1388 cum
493 1328 583 1388 semel
606 1329 809 1410 obtinuissent,
835 1331 972 1390 contiuuo
1001 1332 1032 1390 in
1060 1331 1253 1391 monumentis
1282 1329 1408 1407 publicis

274 1445 428 1521 numisque
460 1446 605 1520 posuisse.
659 1445 752 1522 Atqui
782 1447 901 1506 Marcus
931 1447 1090 1523 imperator
1120 1442 1263 1523 siquidem
1293 1446 1409 1507 omnino

275 1577 345 1619 usus
380 1564 460 1620 esset
482 1560 532 1620 illo
562 1560 659 1640 titulo,
693 1561 767 1621 nihil
790 1561 930 1622 habuisse
954 1557 1141 1642 monetarios,
1181 1580 1234 1622 cur
1270 1562 1407 1621 antesin

277 1669 372 1734 nnmis
403 1694 462 1735 non
500 1680 651 1754 ponerent,
686 1676 753 1736 inde
787 1676 825 1736 sb
860 1681 984 1738 exeunte
1005 1695 1075 1737 vero
1097 1695 1174 1736 anno
1197 1694 1228 1752 p.
1252 1675 1320 1736 cnr.
1346 1678 1409 1736 176

277 1825 317 1832 -
336 1792 392 1851 hcc
404 1791 478 1850 enim
492 1809 569 1850 anno
582 1791 706 1866 primum
723 1786 871 1851 invenitur
884 1792 913 1851 in
930 1792 1043 1870 paucis,
1060 1792 1151 1851 maior
1162 1795 1258 1852 autem
1271 1809 1340 1867 pars
1363 1810 1408 1851 re-

276 1909 356 1982 spuit
365 1907 388 1979 ²)
418 1941 459 1948 -
491 1923 635 1980 unusquam
666 1906 842 1966 omitterent.
889 1907 993 1982 Itaque
1018 1907 1074 1967 hac
1103 1901 1217 1966 ratione
1247 1906 1409 1966 Eokhelius

276 2016 357 2079 iubet
379 2021 566 2094 interpretari
589 2019 680 2078 verba
702 2018 873 2096 Capitolini:
898 2022 1029 2082 Marcum
1059 2039 1162 2081 nomen
1186 2040 1204 2080 u
1234 2024 1336 2080 senatu
1360 2020 1409 2080 ob-

276 2136 366 2194 latum
390 2136 484 2210 primo
508 2134 625 2210 quidem
649 2134 781 2209 accipere
807 2136 946 2213 voluisse,
979 2137 1081 2210 postca
1111 2151 1191 2214 vcro,
1223 2152 1287 2194 cum
1318 2132 1410 2194 frater

277 2250 412 2330 redisset,
441 2252 471 2308 in
499 2251 653 2325 proposito
682 2269 742 2310 non
765 2268 980 2326 perseverasse.
1027 2250 1158 2325 Exponit
1191 2249 1329 2324 deinceps
1363 2249 1409 2307 vir

277 2362 472 2444 doctissimus,
497 2384 601 2426 nomen
623 2365 696 2425 illud
719 2363 842 2426 inveniri
873 2366 992 2442 quidem
1014 2367 1044 2424 in
1067 2360 1152 2424 titulo
1175 2363 1302 2440 quodam
1319 2363 1410 2423 llaroi

279 2489 375 2563 posito
411 2486 579 2545 tribunatus
603 2503 630 2542 a.
665 2483 744 2562 XVI,
767 2483 787 2541 i.
812 2499 837 2540 e.
862 2501 889 2544 a.
913 2499 943 2556 p.
968 2479 1037 2540 Chr.
1078 2480 1174 2553 162³)
1198 2498 1252 2540 nec
1285 2498 1342 2540 non
1380 2479 1410 2536 in

279 2603 392 2662 duabus
415 2601 451 2660 L.
476 2600 545 2659 Veri
569 2597 808 2673 inscriptionibus
832 2596 869 2654 sd
898 2612 990 2654 annos
1014 2595 1077 2654 162
1102 2598 1131 2652 ct
1162 2596 1225 2653 163
1255 2595 1411 2670 spectanti-

279 2718 379 2796 177774).
409 2716 443 2774 ln
465 2701 599 2791 plurimis
622 2730 693 2772 vero
716 2712 806 2770 Marci
829 2711 925 2770 titulis
948 2713 1016 2769 ante
1039 2729 1066 2772 a.
1082 2711 1144 2770 177
1162 2709 1265 2784 positis
1287 2726 1319 2767 rc
1335 2727 1415 2788 vers,

278 2839 311 2890 nt
335 2827 449 2890 iuberet
478 2833 556 2889 vitae
585 2829 720 2906 scriptor,
751 2825 992 2902 significationem
1019 2824 1100 2883 illam
1130 2842 1188 2883 non
1214 2823 1362 2902 cognosci,
1386 2826 1415 2883 et

280 2948 305 3005 si
328 2947 379 3022 qui
402 2949 509 3023 esseut,
535 2945 651 3026 culpam
681 2936 897 3001 attribuendam
921 2957 985 3000 esse
1015 2942 1066 2998 aut
1096 2939 1223 2998 librariis
1258 2937 1414 3014 neglegen-

279 3061 401 3122 tissimis
425 3061 533 3119 antiis
562 3060 612 3135 qui
647 3058 775 3133 lapidem
811 3057 1030 3131 inscripsissent
1066 3054 1235 3130 ignorantes
1269 3071 1416 3112 nomena

280 3180 382 3238 senatu
407 3173 548 3234 fratribus
572 3191 741 3235 concessum
765 3173 893 3251 quidem,
917 3175 947 3231 at
969 3189 1027 3230 non
1051 3187 1116 3229 esse
1139 3173 1301 3245 acceptum.

388 3290 470 3350 Haec
492 3293 560 3349 srrnt
590 3291 761 3364 argumenta
792 3286 937 3346 Eokhelii.
983 3284 1081 3360 Atque
1111 3284 1223 3360 primus
1251 3299 1355 3341 numus
1385 3282 1416 3340 in

280 3429 485 3440 ....——-—·

390 3471 417 3538 1)
436 3467 542 3522 Eokhel
560 3468 595 3523 D.
615 3485 641 3522 n.
661 3468 715 3521 Vll
735 3484 761 3535 p.
782 3469 817 3522 70
836 3481 896 3536 sqq.

477 3585 505 3653 2)
524 3584 642 3652 Legitur
656 3583 702 3650 „R
715 3583 763 3636 P.“
777 3582 806 3635 iu
819 3580 909 3635 nnmis
922 3595 945 3633 a.
961 3579 1025 3633 176:
1039 3574 1146 3632 Eokhcl
1159 3593 1186 3644 p.
1197 3579 1246 3644 633
1260 3575 1357 3631 conen
1371 3575 1415 3630 68.

526 3675 600 3741 (cum
614 3673 722 3740 „Gom
731 3672 847 3739 Sarm.“)
1035 3667 1098 3722 461.
1118 3665 1268 3721 318-322.
1282 3665 1343 3720 549.
1357 3665 1417 3719 550.

365 3778 427 3815 cum
512 3761 583 3832 {non
601 3762 718 3830 legitur:
738 3760 835 3817 Cohcn
854 3777 880 3813 n.
900 3758 942 3814 78.
954 3756 1023 3832 Ι147.
1043 3755 1103 3808 201.
1126 3754 1187 3809 314.
1206 3755 1267 3808 315.
1281 3754 1342 3809 370.
1355 3753 1417 3824 371,

283 3850 392 3918 „cem
404 3833 526 3912 sumat
850 3849 912 3902 414.
932 3847 992 3901 744.
1012 3847 1074 3901 sss.
1094 3845 1243 3900 rur-rso.

281 3940 340 3994 sino
355 3939 465 4006 „Germ
479 3937 597 3992 Sarm.“:
852 3953 878 3990 n.
897 3936 941 3989 81.
960 3935 1020 3991 316.
1040 3936 1101 3990 317.

388 4055 417 4123 3)
436 4054 547 4108 Laudat
564 4052 685 4108 Eokhcl:
710 4055 801 4107 Murat
820 4054 880 4120 188,
898 4053 915 4106 6
936 4051 979 4118 (=
1001 4049 1083 4104 Orcll.
1103 4047 1155 4102 868
1177 4072 1207 4092 =
1228 4046 1258 4100 0.
1277 4046 1304 4099 J.
1324 4048 1355 4099 L.
1376 4044 1417 4097 Vl

284 4144 374 4212 1012).
393 4142 435 4198 At
453 4161 505 4212 pro
526 4160 569 4211 „p
583 4147 625 4212 p.“
645 4144 795 4197 Henzcnns
815 4142 858 4210 (0.
871 4142 898 4195 J.
912 4143 944 4194 L.
957 4139 974 4193 l.
988 4141 1025 4206 c.)
1043 4136 1180 4192 restitnit:
1207 4151 1250 4203 „p
1268 4137 1330 4187 m.“.
1350 4132 1418 4202 (vid.

282 4231 408 4286 titulum:
427 4232 499 4286 infra
517 4249 543 4285 n.
563 4234 600 4299 5).

388 4347 417 4414 4)
436 4347 547 4401 Laudat
565 4345 686 4400 Eokhelz
706 4345 785 4400 Grnt.
805 4347 866 4411 258,
885 4347 902 4399 2
922 4348 950 4397 et
970 4344 1047 4408 1082,
1066 4341 1083 4395 7
1102 4339 1178 4407 (bis).
1198 4368 1233 4376 -
1246 4336 1318 4392 Sane
1338 4335 1418 4391 Grnt.

284 4436 361 4504 1082,
381 4437 436 4490 let
445 4436 461 4488 8
471 4435 574 4504 legitur
584 4437 691 4516 ‚,p.p.“,
709 4451 765 4488 non
776 4440 867 4488 autem
880 4430 1021 4500 07771258,
1035 4433 1059 4486 2.
1080 4428 1257 4486 Videtitulos
1268 4443 1293 4480 n.
1306 4425 1419 4484 11-13·
