3280 5190
834 591 870 673 ts

288 779 383 854 iatine
406 782 615 876 exquisiverls‚
639 791 771 858 rationes
794 792 977 858 admiralius
1000 791 1107 857 allatas
1130 781 1286 856 maximam
1309 785 1425 870 partein

285 909 405 970 veritati
428 912 584 972 convenire
607 911 762 974 concedes.
809 910 909 984 Quare
932 913 1073 989 epistulas
1095 911 1162 972 illas
1190 909 1364 998 subditiciss
1395 911 1426 967 et

287 1025 504 1085 commenticias
527 1043 593 1087 esse
615 1044 670 1104 pro
695 1029 777 1088 certo
802 1027 964 1088 habuerim.

463 1322 498 1394 1))
517 1325 562 1380 lle
580 1325 689 1381 Avidio
709 1325 878 1382 Heliodoro
898 1326 989 1394 patre
1006 1325 1111 1380 Avidii
1128 1321 1232 1380 ducali

376 1450 435 1512 Sed
456 1454 551 1530 ipsam
574 1455 666 1514 vitam
690 1454 790 1518 Avidii
820 1452 915 1514 Cassii
945 1453 1171 1513 consideremus.
1216 1450 1305 1509 Pater
1333 1445 1426 1506 nomi-

285 1569 373 1625 natur
388 1562 513 1627 Avidius
527 1569 663 1649 Severus,
680 1570 767 1629 homo
779 1586 874 1628 novus
890 1568 940 1644 qui
957 1567 1075 1628 ordines
1104 1565 1220 1627 duxerit
1243 1581 1278 1622 ac
1295 1561 1364 1637 post
1387 1558 1426 1618 sd

289 1696 419 1740 summos
442 1683 570 1744 honores
592 1685 763 1760 peruenerit
774 1683 806 1763 ¹),
833 1703 852 1743 a
883 1687 976 1743 matre
1006 1701 1022 1742 e
1050 1685 1137 1758 gente
1169 1677 1337 1740 Cassiorum
1360 1689 1427 1733 esse

285 1795 400 1856 uatum.
426 1829 467 1838 -
491 1795 575 1858 Haec
597 1797 674 1858 falsa
697 1801 726 1858 et
749 1799 844 1874 patric
867 1815 972 1857 nomen
994 1795 1086 1856 fuisse
1108 1792 1188 1854 aliud
1217 1789 1304 1852 facile
1328 1789 1427 1864 potest

285 1905 402 1970 ostendi
413 1907 447 1991 ²).
473 1911 553 1972 Dicit
568 1913 644 1973 enim
662 1911 754 1994 Dici)
770 1911 909 1973 Avidium
921 1910 1054 1972 (iassium
1077 1908 1168 1968 filium
1184 1924 1250 1967 esse
1272 1901 1426 1965 Heliodori

288 2025 415 2084 rhetoris
440 2025 602 2107 cuiusdam,
619 2028 783 2103 quipostea
807 2026 847 2086 sd
861 2024 1078 2102 praefecturam
1089 2023 1221 2099 Aegypti
1242 2017 1427 2095 ascenderit;

286 2143 388 2199 natum
425 2144 524 2200 autem
561 2140 643 2200 illum
667 2159 732 2201 esse
754 2138 872 2220 Cyrrhi‚
908 2140 981 2201 urbe
1003 2140 1106 2216 Syriae
1140 2131 1425 2214 septentrionalis4).

288 2253 351 2314 Iam
376 2253 528 2315 Heliodori
551 2256 670 2332 saepius
694 2256 802 2315 mentio
813 2259 858 2315 est
881 2273 947 2314 cum
970 2253 1049 2330 apud
1072 2271 1169 2314 rerum
1191 2252 1352 2326 scriptores
1363 2248 1426 2305 tum

289 2370 320 2428 in
354 2369 458 2428 titulis.
505 2369 680 2444 Spartianus
715 2371 791 2429 enim
826 2369 857 2428 in
890 2370 952 2428 vita
974 2369 1118 2428 Hadriani
1151 2366 1197 2426 bis
1231 2361 1426 2425 Heliodorum

288 2483 435 2559 quendam
459 2485 590 2543 nominat
599 2482 623 2565 ⁵)
650 2487 741 2559 atque
753 2501 813 2543 una
829 2502 894 2542 cum
910 2484 1045 2560 Epicteto
1058 2487 1087 2542 et
1109 2483 1175 2558 ipso
1187 2479 1365 2557 philosopho
1393 2476 1426 2534 in

289 2615 404 2657 summa
415 2596 615 2657 familiaritate
628 2597 666 2657 ab
674 2597 825 2656 Hadriano
849 2597 930 2657 illum
946 2597 1078 2658 habitum
1102 2614 1177 2656 esse.
1202 2627 1244 2638 -
1268 2595 1427 2653 Praeterea

290 2729 328 2771 ex
351 2712 446 2772 Dione
470 2709 573 2772 Cassio
597 2711 747 2792 discimus,
771 2708 963 2771 Heliodorum
985 2710 1066 2788 apud
1088 2707 1273 2771 Hadrianum
1303 2707 1341 2768 ab
1365 2701 1429 2781 epi-

396 2959 422 3024 1)
441 2958 491 3012 vit.
510 2956 599 3012 Avid.
619 2957 697 3012 Cass.
717 2973 740 3010 c.
761 2960 775 3012 1
795 2957 870 3012 init:
903 2955 967 3026 „qni
986 2955 1099 3010 ordines
1118 2955 1237 3010 duxerat
1259 2960 1373 3024 etpost
1391 2953 1428 3010 ad

284 3061 405 3102 summas
424 3046 577 3115 dignitates
596 3049 789 3114 pervenerat“.

394 3145 422 3211 2)
443 3143 575 3197 Ceterum
595 3143 648 3196 viri
667 3142 744 3196 docti
771 3158 823 3210 pro
849 3140 973 3208 „Avidio
997 3139 1119 3194 Severo“
1144 3140 1163 3193 l.
1180 3156 1204 3194 c.
1222 3140 1320 3208 legere
1337 3141 1428 3196 iusse-

282 3235 360 3284 runt:
389 3228 515 3297 „Avidio
541 3231 648 3300 Syro“;
678 3228 932 3284 commonefaciunt
956 3228 1028 3283 enim
1051 3227 1201 3282 verborum
1224 3227 1323 3282 Dionis
1348 3229 1428 3286 Cass.

286 3320 329 3386 71,
361 3321 409 3373 22:
431 3315 498 3370 ede
515 3316 552 3381 do*
570 3317 703 3373 Κάσσιος
720 3316 820 3384 Σύρος
839 3319 870 3368 ἐκ
897 3317 1081 3384 τιῑςΚὺρρου
1117 3309 1160 3378 η’ν.
1191 3345 1225 3354 —
1245 3315 1312 3370 vid.
1330 3317 1429 3370 Fried-

283 3406 410 3461 laenderi
434 3404 536 3459 librum
556 3405 604 3472 qui
623 3403 785 3458 inscribitur
799 3403 1031 3472 „Darstcllungen
1050 3419 1101 3457 aus
1113 3403 1428 3474 derSittengeschichte

281 3494 396 3562 Roms“,
415 3485 441 3547 Ι4
453 3509 481 3560 p.
496 3492 556 3548 180.

390 3566 664 3649 ammae
853 3621 855 3625 .
1355 3581 1361 3608 ³

389 3670 419 3736 4)
439 3668 577 3738 Cyrrhum
595 3667 675 3722 bidui
694 3667 748 3720 iter
766 3667 802 3722 ab
812 3665 966 3721 Antiochia
983 3665 1107 3720 abfuisse
1121 3671 1240 3722 testatur
1250 3667 1426 3725 Theodorei.

283 3757 348 3813 hist.
367 3757 448 3826 relig.
468 3756 546 3810 Tom.
565 3757 608 3810 III
626 3755 691 3810 Vol.
711 3755 739 3808 ΙΙ
758 3771 785 3822 p.
799 3757 869 3810 1135
882 3753 1028 3824 (Schultz).
1044 3785 1078 3794 —
1092 3754 1149 3809 Cir.
1168 3753 1253 3810 Kuhn
1271 3757 1289 3810 l.
1309 3773 1332 3811 c.
1352 3758 1427 3826 Hp.

282 3849 344 3916 322,
363 3851 458 3900 annot.
478 3847 557 3902 2836.

392 3935 421 4002 5)
441 3932 532 4002 Spart.
552 3933 600 3986 vit.
620 3931 706 3985 Hadr.
726 3932 837 3998 c.15,5
856 3935 885 3985 et
903 3946 927 3984 c.
948 3931 988 3998 16,
1003 3931 1044 3984 10.
1058 3929 1168 3984 —Non
1186 3930 1307 3986 eundem
1326 3938 1428 4001 putare

286 4021 470 4078 Heliodorum
490 4020 631 4075 rhetorem
656 4023 685 4072 et
708 4017 891 4072 Heliodorum
910 4015 1105 4085 philosophum
1135 4019 1227 4085 (cuius
1257 4021 1430 4079 mentionem

283 4110 372 4164 faciat
391 4108 555 4177 Spartianus
573 4107 592 4161 l.
606 4108 643 4175 c.)
657 4105 736 4159 iubet
753 4105 901 4159 Reimarus
915 4097 976 4171 (ed.
989 4103 1071 4158 Dion.
1082 4104 1170 4172 Cass,
1188 4105 1335 4176 Hsmburg
1349 4110 1428 4179 1752,

282 4198 348 4252 Vol.
365 4195 403 4264 11,
422 4201 516 4250 annot.
536 4195 572 4248 sd
591 4211 618 4262 p.
640 4193 719 4260 1189,
738 4193 755 4246 l.
774 4194 829 4260 54).
854 4193 926 4246 Num
945 4191 1030 4258 igitur
1049 4205 1119 4258 quse
1139 4193 1365 4259 supradiximus
1384 4213 1426 4252 re·

281 4285 448 4354 stringenda
465 4283 621 4338 uidentur?
640 4281 697 4335 Vix
711 4281 874 4348 putaverim.
906 4278 964 4333 Cur
981 4294 1037 4330 non
1056 4277 1130 4332 idem
1148 4279 1243 4334 rhetor
1261 4288 1348 4350 atque
1365 4284 1427 4353 phi-

280 4372 417 4441 losophus
438 4387 501 4427 esse
520 4369 635 4439 potuit?
654 4369 785 4423 Ceterum
804 4382 856 4434 per
874 4380 996 4420 errorem
1012 4364 1160 4420 Reimarus
1178 4367 1196 4421 l.
1216 4384 1239 4422 c.
1257 4369 1357 4426 laudat
1374 4373 1427 4428 Oa-

280 4461 363 4531 pitol.
377 4460 427 4516 vit.
440 4460 526 4514 Marc.
541 4475 564 4512 c.
579 4459 622 4527 26,
636 4457 684 4524 113
704 4470 760 4524 quo
773 4453 837 4507 loco
850 4452 1006 4520 compatris
1019 4453 1118 4522 Cassii,
1130 4454 1182 4510 sed
1194 4455 1243 4508 filii
1256 4461 1300 4512 eet
1311 4461 1428 4518 mentio.
