3308 5190
877 548 913 632 id

332 743 504 837 Minerviae,
528 757 590 816 tum
612 749 717 818 maiori
737 753 878 816 exercitui
901 769 939 816 ex
956 747 1050 832 copiis
1071 741 1242 834 legionnriis
1257 758 1288 817 et
1302 738 1466 816 annibariis

331 871 493 948 composito
515 869 680 948 praefuisse
702 889 827 948 eumque
848 871 879 930 iu
901 867 1071 932 Armeniam
1093 875 1124 932 et
1146 869 1330 932 Osrhoenam
1352 873 1382 931 et
1403 869 1464 929 An·

329 985 505 1047 themnsiam
522 984 643 1046 duxisse
658 984 802 1062 donisque
825 984 1000 1046 militaribus
1016 985 1156 1046 donatum
1178 989 1268 1062 atque
1290 1005 1310 1045 a
1331 984 1368 1044 L.
1385 983 1464 1044 Vero

330 1100 361 1160 iu
391 1100 528 1160 comitum
556 1116 679 1160 numero
709 1115 774 1161 esse
805 1099 937 1160 habitum
948 1100 982 1175 ¹).
1027 1100 1124 1160 Etiam
1153 1100 1232 1161 bello
1256 1103 1359 1160 contra
1386 1100 1464 1160 Mar·

331 1230 488 1274 comannos
511 1216 542 1273 et
564 1210 714 1274 Samatas
737 1217 821 1290 gesto
848 1218 925 1276 teste
952 1214 1038 1275 titulo
1066 1215 1240 1276 acerrimum
1262 1231 1295 1274 se
1316 1212 1465 1294 praebuit,

330 1345 367 1388 nc
388 1329 548 1405 postremo,
579 1325 680 1402 „qnod
703 1331 772 1402 post
795 1326 909 1402 aliquot
931 1326 1061 1387 secunda
1079 1328 1192 1404 proelia
1215 1327 1371 1388 adversum
1390 1327 1464 1389 Ger·

330 1459 432 1502 manos
469 1445 498 1502 et
532 1441 661 1518 Janyges
691 1459 746 1518 pro
775 1442 928 1518 republica
955 1440 1071 1502 fortiter
1093 1461 1229 1520 pugnans
1259 1443 1465 1525 meruerint),

330 1560 428 1618 statum
457 1543 570 1616 armata
598 1555 637 1616 ab
666 1557 842 1632 imperatore
868 1557 967 1616 Marco
990 1557 1127 1618 dedicata
1149 1559 1311 1618 honoratus
1335 1561 1392 1617 cst.
1416 1591 1461 1602 —-

330 1669 420 1732 Aliud
443 1670 480 1731 de
502 1671 650 1731 Frontone
670 1671 879 1750 testimonium,
902 1675 1044 1746 quantum
1067 1673 1139 1751 scio,
1162 1691 1221 1732 non
1244 1669 1386 1752 suppetit,
1410 1672 1465 1734 sed

335 1786 460 1847 eundem
483 1784 592 1848 babere
615 1804 680 1846 eum
703 1789 792 1862 atque
810 1785 892 1844 illum
916 1785 952 1847 de
974 1803 1035 1862 qno
1057 1785 1188 1862 loquitur
1209 1786 1358 1848 Lucienus
1368 1785 1392 1868 3)
1414 1788 1467 1846 vix

329 1899 488 1962 dubitabis.

538 2063 570 2148 7)
594 2066 646 2127 De
667 2067 701 2127 P.
724 2066 829 2128 lulio
853 2065 1022 2128 Geminio
1045 2068 1248 2128 Marciano.

431 2208 464 2267 P.
477 2207 586 2268 lulium
599 2206 764 2268 Geminium
779 2208 961 2267 Marcianum
984 2208 1015 2266 in
1036 2207 1145 2267 bellum
1168 2227 1187 2267 a
1206 2207 1241 2268 L.
1258 2207 1336 2270 Vero
1360 2212 1464 2269 contra

327 2321 454 2382 Parthos
471 2323 631 2398 gerendum
654 2340 719 2384 esse
735 2323 855 2382 missum
877 2322 989 2398 primns
1012 2321 1142 2383 ostendit
1157 2323 1352 2398 senserint).
1387 2323 1463 2384 'lbe-

278 2440 284 2452 '
329 2437 420 2496 ctavit
444 2437 499 2496 viri
524 2437 667 2496 bonorum
690 2454 807 2496 cursum
831 2453 902 2496 usus
926 2436 1022 2496 tribus
1045 2438 1138 2497 titulis
1160 2433 1343 2498 Cirtensibus
1373 2433 1464 2514 atque

328 2569 387 2612 uno
401 2551 629 2628 Aphrodisiensi
644 2551 779 2612 uberiore
803 2551 1011 2632 disputatione,
1035 2571 1094 2629 qna
1105 2554 1191 2629 qnasi
1208 2554 1356 2630 specimen
1372 2571 1463 2630 qnae-

327 2755 489 2812 Mlnervism
513 2757 589 2814 bello
607 2757 738 2814 Parthico
762 2757 875 2812 affuisse
899 2756 997 2826 docet3
1024 2757 1163 2812 distinctis
1182 2758 1255 2814 enim
1272 2759 1368 2814 verbis
1385 2760 1463 2829 legio

327 2843 375 2898 illa
393 2849 506 2900 notatur
525 2847 569 2914 „in
589 2846 796 2915 expeditionem
815 2845 971 2901 Parthicam
990 2845 1182 2902 deducendn“.
1202 2879 1236 2888 -
1255 2849 1287 2902 Iu
1305 2849 1361 2904 elio
1379 2849 1463 2904 titulo

327 2932 371 3000 (C.
383 2933 410 2988 J.
423 2935 455 2988 L.
468 2934 511 2989 III
525 2936 594 2992 1457
608 2958 640 2981 =
654 2935 769 2990 Hermen
782 2935 868 3003 54793
886 2933 943 2988 vid.
957 2934 1012 2990 Tit.
1028 2953 1054 2990 n.
1067 2937 1124 3006 45),
1136 2936 1185 2993 ubi
1197 2937 1311 2992 brevius
1323 2936 1462 2993 honorum

326 3037 426 3076 cursus
444 3025 603 3101 exponitur,
621 3025 727 3078 Fronto
746 3023 828 3078 nudis
846 3023 942 3077 verbis
960 3028 1078 3078 vocatur
1098 3024 1169 3093 „leg.
1181 3025 1237 3094 leg.
1256 3023 1379 3094 IMiu.“3
1409 3025 1463 3080 sed

326 3108 460 3165 donatum
487 3127 551 3166 cum
578 3127 639 3167 esse
669 3111 750 3165 donis
778 3111 943 3166 militaribus
970 3111 1046 3166 bello
1074 3110 1245 3167 Armeniaco
1274 3117 1302 3167 et
1328 3113 1462 3169 Parthico

327 3199 512 3269 comitemque
531 3200 600 3254 Veri
619 3199 706 3254 fuisse
725 3215 760 3254 ex
779 3198 833 3253 boc
852 3215 965 3268 quoqne
984 3199 1065 3254 titulo
1085 3200 1290 3270 cognoscimus.

434 3288 462 3356 1)
481 3287 629 3355 Temporis
648 3286 719 3341 ordo
747 3287 771 3341 si
794 3292 923 3341 servatus
947 3292 991 3342 est
1009 3288 1037 3341 in
1056 3287 1146 3356 titulo,
1170 3289 1342 3344 Frontonem
1360 3289 1462 3358 proba-

326 3374 384 3431 bile
404 3380 448 3431 est
466 3375 596 3430 comitem
615 3377 648 3430 L.
667 3375 736 3430 Veri
754 3375 842 3430 fuisse
861 3375 972 3430 demum
990 3376 1066 3431 bello
1084 3376 1317 3431 Marcomannico.

433 3466 461 3534 2)
480 3464 668 3519 Mommsenus
692 3464 728 3518 ad
751 3464 862 3519 titulum
885 3463 954 3519 hoec
973 3464 1089 3519 adnotat
1111 3464 1155 3531 (O.
1174 3465 1201 3520 J.
1220 3467 1252 3520 L.
1271 3466 1313 3520 III
1330 3483 1357 3535 p.
1376 3469 1459 3536 23o):

328 3551 488 3618 „decidisse
516 3566 580 3606 eum
606 3551 634 3605 in
665 3567 768 3621 pugno,
796 3552 862 3607 dum
889 3552 1031 3620 praesidet
1058 3552 1163 3607 Daciae
1191 3553 1379 3624 Moesioeque‚
1410 3571 1462 3623 per

325 3639 428 3696 bollum
456 3639 689 3694 Marcomanicum
707 3639 743 3694 M.
760 3638 873 3695 Aurelii
895 3645 961 3710 post
986 3655 1087 3695 annum
1107 3642 1157 3696 171
1178 3640 1350 3710 Borghesius
1370 3641 1459 3711 (Anu.

326 3730 404 3798 1855,
423 3731 508 3798 p.3‘t;
527 3727 576 3784 cir.
596 3728 720 3785 Oeuvres
738 3729 780 3783 Vl
795 3730 847 3785 264
860 3731 934 3800 sqq.)
952 3729 1017 3784 inde
1037 3729 1159 3798 collegit,
1178 3730 1255 3798 quod
1274 3746 1308 3786 eo
1328 3746 1400 3786 anno
1418 3732 1460 3785 in·

326 3817 446 3886 cipients
470 3815 543 3872 filius
568 3817 628 3873 eius
652 3824 783 3886 receptus
803 3824 845 3872 est
868 3817 940 3872 inter
960 3817 1049 3872 Salios
1068 3817 1210 3872 Palatinos
1229 3818 1327 3872 Marini
1345 3819 1417 3875 Arv.
1431 3837 1459 3888 p.

326 3908 399 3975 165),
426 3905 456 3960 id
481 3905 557 3975 quod
580 3907 640 3962 fieri
665 3923 720 3961 non
740 3908 832 3976 potuit
854 3907 908 3960 nisi
928 3912 1043 3975 parente
1062 3913 1183 3976 utroque
1202 3907 1343 3962 etiamtum
1362 3925 1459 3978 super-

326 3995 399 4051 stite.
418 4027 452 4036 -
470 3996 571 4050 Festos
595 3994 731 4050 Saliorum
754 3996 943 4050 Palatinorum
968 4012 1042 4049 nnnc
1070 3995 1157 4049 habes
1176 3995 1207 4051 C.
1224 3996 1251 4050 J.
1270 3999 1302 4050 L.
1321 3998 1362 4052 VI
1381 4001 1458 4054 1978.

324 4083 378 4140 Ubi
407 4085 531 4153 reperies
558 4084 594 4139 M.
620 4084 766 4140 Claudium
793 4086 964 4139 Frontonem
988 4084 1159 4155 Neocydem.
1182 4116 1215 4124 -
1241 4085 1284 4140 De
1312 4087 1459 4141 consulatu

305 4173 474 4229 'Frontonis
492 4174 542 4229 cfr.
561 4173 666 4243 Borgh.
684 4174 726 4227 VI
739 4175 791 4230 267
810 4176 885 4241 (eum
904 4189 965 4227 ann.
984 4159 1136 4242 Renierii);
1155 4175 1261 4243 Marqu.
1274 4175 1295 4228 Ι.
1309 4191 1336 4243 p.
1350 4177 1410 4231 154.

431 4266 460 4332 3)
479 4264 577 4328 Quom.
596 4261 659 4318 bist.
677 4267 747 4329 521.
767 4294 801 4302 -
819 4263 886 4332 Ipsa
904 4263 1020 4318 Luciaui
1039 4263 1128 4318 verba
1143 4262 1231 4319 babes
1248 4264 1323 4332 App.
1341 4264 1384 4319 III
1398 4269 1422 4319 1.

430 4354 459 4421 4)
478 4349 621 4423 Mdlsnges
647 4349 847 4424 d'dpigropbie,
870 4352 949 4407 Poris
977 4351 1055 4422 1854,
1078 4368 1107 4421 p.
1130 4354 1165 4410 97
1186 4368 1256 4423 sqq,
1279 4353 1413 4422 imprimis
1430 4369 1458 4424 p.

325 4441 377 4498 119
395 4455 457 4512 sqq.
