3280 5190
762 593 796 648 31

221 767 338 829 aVero
362 787 426 830 csse
451 771 588 849 dirutam,
627 777 687 832 tum
718 773 756 833 ad
779 773 950 858 Hydaspem
984 774 1083 834 urbem
1106 773 1192 840 illius
1224 774 1348 832 noruiuis

224 885 340 944 omuino
363 904 420 944 nou
443 888 566 947 inveniri
578 888 608 962 ¹).

326 995 459 1059 Seleucia
489 1005 518 1060 et
547 1001 735 1078 Ctesiphonte
765 1005 858 1078 captis
881 1023 915 1063 ae
939 1005 1043 1064 deletis
1066 1004 1221 1063 verisimile
1245 1008 1289 1062 est
1312 1004 1347 1062 L.

221 1112 327 1172 Verum
355 1115 384 1172 in
408 1115 533 1176 Mediam
564 1118 895 1200 6666611661116616661)
927 1123 1015 1194 atque
1039 1119 1144 1178 Medici
1173 1130 1276 1178 nomeu
1300 1135 1347 1176 ae-

220 1229 386 1308 quisivisse,
411 1230 489 1305 quod
514 1232 627 1292 demum
651 1233 719 1293 iude
743 1253 760 1291 a
780 1233 874 1293 medio
894 1252 969 1293 anno
991 1237 1052 1294 166
1077 1235 1106 1292 16
1123 1233 1273 1294 titulorum
1296 1250 1347 1292 uu·

219 1360 329 1401 merum
353 1361 417 1405 6666
441 1345 564 1406 relatum
588 1345 665 1406 iufra
689 1346 961 1408 demonstrabimus.

698 1603 802 1691 sapui
826 1606 861 1674 ii.

218 1739 262 1793 Ile
282 1740 510 1806 cognominibus
529 1741 722 1808 principibus
739 1743 842 1796 ldareo
863 1743 894 1796 et
914 1743 992 1798 Vero
1012 1745 1164 1799 concessis
1184 1745 1215 1798 ot
1234 1745 1270 1800 de
1289 1745 1349 1800 iine

385 1837 460 1891 belli
479 1837 697 1904 triumphoque
715 1839 911 1905 quaestiones
930 1840 1176 1906 chronologicae.
1200 1834 1203 1840 ’

324 1992 385 2070 §L
425 1991 693 2052 BeiioArmeniaeo
714 1995 882 2068 Parthisci)
905 1999 1027 2070 uterque
1051 1998 1209 2072 imperator
1232 1997 1348 2057 nornine
1414 1973 1416 1976 Ι

217 2103 1198 2182 sibicomparavithrmeniaciParthieiMaximihlediei
1221 2113 1347 2186 patris

217 2223 377 2296 patriae.
439 2221 494 2282 Sed
528 2241 585 2297 quo
616 2226 748 2297 tempore
778 2223 849 2283 haee
880 2225 996 2282 uomina
1028 2227 1150 2299 accepta
1178 2223 1287 2283 inierint
1319 2228 1347 2284 et

217 2337 356 2411 quamdiu
379 2337 535 2416 valuerim,
561 2356 619 2397 non
643 2335 728 2398 facile
752 2340 946 2414 cognoscitur.
992 2341 1036 2399 De
1058 2341 1113 2400 hac
1135 2358 1166 2398 re
1190 2338 1265 2398 inira
1289 2341 1345 2397 siu-

325 2517 351 2583 1)
370 2516 413 2570 De
433 2515 561 2570 Seleucia
584 2517 655 2572 urbe
680 2517 715 2570 ad
740 2518 846 2587 Tigrim
872 2519 923 2572 sita
949 2519 998 2572 eir.
1019 2519 1241 2572 dissertationem
1265 2533 1345 2586 quarn

217 2605 382 2671 conseripsit
397 2605 536 2659 Fabianus
557 2605 607 2671 „de
628 2599 1051 2676 861661616Β61)616616“,1166.
1072 2609 1148 2664 18611.
1186 2609 1237 2660 1116
1256 2607 1346 2660 frondi-

216 2698 260 2747 tus
280 2709 405 2748 eversam
424 2710 487 2749 csse
506 2695 603 2750 urbem
623 2711 639 2748 a
657 2699 688 2749 L.
702 2697 778 2750 Vero
798 2697 928 2764 opinatus
947 2699 985 2765 (p.
999 2699 1054 2766 69).
1078 2729 1111 2736 --
1134 2699 1251 2751 Constat
1269 2697 1345 2750 testi-

215 2782 308 2836 monio
332 2783 430 2837 Dionis
455 2783 544 2838 Cassii
563 2785 617 2852 (75,
640 2786 676 2852 9),
708 2784 870 2852 Septimium
895 2785 1028 2840 Severum
1053 2787 1247 2854 imperatorem
1273 2801 1345 2838 auno

215 2887 242 2938 p.
256 2867 319 2924 Chr.
333 2887 358 2923 n.
372 2872 423 2926 201
437 2870 591 2925 Seleuciam
610 2871 839 2941 Babylonemque
858 2873 942 2928 urbes
961 2873 1101 2928 invenisse
1121 2873 1261 2940 desertas,
1279 2873 1344 2927 item

215 2959 359 3026 Iulianum,
375 2964 406 3012 ut
425 2958 510 3012 tradit
528 2957 620 3012 Amin.
641 2960 725 3013 Mare.
744 2961 762 3012 1.
776 2977 799 3012 6.
821 2992 854 2999 -
875 2961 999 3014 Classius
1016 2961 1126 3030 (Pauly,
1145 2960 1344 3030 Reaieneyelo·

215 3046 308 3115 pitdie,
333 3048 383 3116 vl,
413 3049 436 3116 1,
462 3065 489 3116 p.
508 3051 568 3116 952,
588 3051 694 3117 annot.)
714 3049 811 3103 urbem
831 3065 847 3102 a
865 3053 896 3103 L.
920 3051 996 3104 Vero
1015 3065 1072 3103 non
1091 3065 1205 3118 prorsus
1225 3048 1344 3102 dirutam

215 3151 277 3189 esse
295 3136 369 3204 vult,
389 3151 450 3188 nam
470 3137 544 3204 apud
556 3136 668 3205 Rufum,
687 3137 860 3206 Eutropium,
881 3138 1075 3206 Capitolinum,
1087 3137 1235 3192 Aurelium
1247 3136 1343 3190 Victo-

214 3239 280 3292 rem,
306 3224 432 3278 Orosium
457 3225 491 3280 de
518 3230 600 3293 capta
625 3226 713 3278 solum
739 3225 816 3294 urbe,
847 3242 902 3278 nou
921 3226 956 3280 de
976 3226 1068 3282 diruta
1087 3241 1148 3279 6666
1168 3224 1344 3279 irreptionem.

215 3315 307 3381 Atque
326 3311 395 3366 haee
420 3312 511 3367 addit:
539 3315 614 3380 „Nur
632 3315 687 3367 Dio
706 3314 763 3366 und
782 3312 876 3368 Amm.
898 3315 982 3368 liare.
1001 3312 1149 3383 gedcuhen
1169 3313 1345 3366 (166161616-

213 3417 285 3470 rung
305 3400 391 3455 durch
414 3403 506 3457 Fauor
533 3402 591 3455 und
615 3401 707 3456 dieser
733 3403 783 3457 der
808 3402 909 3456 darauf
929 3402 1081 3472 folgenden
1100 3402 1263 3470 Verddrmg,
1289 3417 1345 3454 was

214 3489 282 3544 aber
300 3489 401 3544 Beides
420 3505 476 3544 von
494 3489 613 3558 rolliger
624 3490 819 3560 Verniohiung
838 3491 895 3545 und
914 3489 1345 3546 66666166166661·6666666616

214 3576 286 3631 wohl
306 3577 770 3647 6666161’661161666161“.116666
791 3579 825 3633 de
845 3579 915 3634 urbe
934 3596 985 3648 per
1004 3581 1115 3634 6666616
1133 3580 1248 3633 llorente
1268 3578 1345 3647 loqui

215 3666 311 3734 (atque
327 3665 357 3718 id
370 3666 481 3735 quidem
501 3667 640 3734 expressis
659 3667 765 3735 verbis)
785 3671 914 3722 auctores
934 3668 1097 3736 posterioris
1117 3667 1228 3722 aetatis:
1247 3667 1344 3720 Liban.

215 3768 254 3806 or.
273 3753 330 3808 iun.
350 3771 376 3822 p.
390 3757 451 3810 319.
471 3757 537 3822 3223
555 3755 676 3824 Procop.
686 3757 718 3809 B.
733 3756 809 3810 Pers.
824 3758 914 3825 11283
934 3755 1093 3824 Theophan.
1108 3759 1120 3810 1
1133 3773 1160 3824 6.
1173 3758 1240 3824 496;
1253 3754 1344 3810 Theo-

213 3841 288 3913 phyl.
300 3844 327 3896 V
341 3847 365 3899 6.
379 3875 412 3883 -
425 3844 493 3900 Mihi
511 3863 567 3900 non
585 3846 761 3914 propositum
780 3851 832 3915 661,
850 3845 903 3899 hoe
923 3846 986 3900 loeo
1006 3861 1063 3900 rem
1083 3845 1224 3914 expedire.

319 3934 347 4001 2)
365 3934 480 3989 Terram
505 3934 644 3988 montibus
667 3933 780 3989 horrere
807 3935 831 3988 si
856 3934 1060 4003 observaveris,
1086 3934 1204 3988 Mediam
1228 3947 1345 3986 revera

214 4025 398 4090 expugnatam
427 4037 488 4076 esse
516 4023 563 4075 vix
591 4022 697 4091 eredas,
723 4022 830 4076 etiamsi
857 4024 963 4078 Verum
997 4028 1100 4078 terram
1134 4022 1252 4076 intrasse
1288 4037 1344 4073 non

218 4113 349 4181 deneges.
405 4112 463 4168 Cir.
485 4113 584 4183 Pauly,
607 4112 785 4182 Realeueycl.
811 4114 860 4167 IV.
884 4130 911 4181 p.
940 4114 1017 4182 lsai,
1048 4129 1070 4166 6.
1095 4129 1120 4166 v.
1147 4109 1280 4179 „Media“.
1311 4139 1344 4148 -

214 4203 271 4256 Iter
294 4201 323 4254 in
341 4201 459 4255 Mediam
483 4201 586 4255 iactum
612 4200 770 4270 Spiegelius
790 4203 818 4270 (1.
838 4218 861 4255 e.
881 4219 908 4270 p.
929 4204 991 4270 182)
1016 4201 1113 4254 tribuit
1131 4200 1218 4254 Statio
1237 4198 1343 4267 Prisco,

214 4289 331 4344 Galiizin
342 4289 371 4356 (l.
385 4305 408 4342 c.
421 4306 448 4357 p.
463 4290 525 4358 134)
536 4289 635 4343 Martio
649 4290 742 4356 Vero,
761 4289 920 4344 testimonia
938 4289 1095 4344 rationesve
1114 4306 1170 4342 666
1184 4289 1342 4342 attulerunt.

319 4379 347 4446 3)
367 4377 444 4431 Hane
469 4377 536 4432 belli
566 4377 779 4446 appellationem
806 4393 840 4433 ex
864 4377 952 4433 titulis
975 4377 1146 4434 manifestam
1172 4391 1233 4434 6666
1259 4392 1343 4448 supra

214 4465 400 4526 ostendimus:
419 4466 476 4521 vid.
494 4483 521 4538 p.
536 4467 578 4537 19,
597 4470 689 4522 66661.
703 4468 728 4521 6.
