3280 5190
863 525 897 588 λλ

310 709 384 787 ipsis
408 711 498 772 multa
519 713 629 792 insunt,
664 713 770 789 quibus
801 714 996 790 cognitionem
1025 733 1114 789 quam
1137 714 1173 774 de
1203 714 1280 774 bello
1304 712 1445 776 habemus

311 824 521 887 iucundissime
544 845 653 904 augore
677 845 843 904 possumus.

787 1033 893 1122 uapor
914 1035 962 1104 lll.

498 1172 542 1226 lte
560 1171 653 1227 robus
671 1171 755 1228 bollo
773 1175 953 1228 Armenlaoo
973 1172 1122 1227 Parthico
1144 1173 1253 1238 gestis.

416 1335 501 1408 Quod
525 1339 756 1413 supradiximus
780 1339 936 1414 causisque
960 1335 1204 1416 confirmavimus,
1229 1339 1352 1397 historia
1374 1338 1443 1398 belli

307 1450 437 1510 Parthici
460 1455 581 1527 propter
608 1453 714 1528 exigua
736 1454 863 1529 vestigia
891 1471 966 1530 quae
996 1468 1156 1529 sequamur
1176 1472 1234 1512 non
1261 1452 1349 1513 facile
1372 1456 1442 1512 scri-

307 1563 395 1624 bitur.
439 1565 552 1626 Tamen
582 1585 641 1641 quo
672 1567 775 1628 ordine
799 1569 932 1644 singulae
956 1585 1004 1628 res
1028 1585 1060 1627 se
1083 1569 1261 1647 exceperint,
1293 1587 1370 1628 nunc
1393 1587 1441 1628 ex·

305 1697 417 1756 ponere
441 1698 588 1745 conamur.

412 1794 431 1872 ξ
457 1797 487 1854 1.
533 1795 567 1854 ln
589 1795 729 1858 Armenia
752 1797 826 1858 duce
849 1795 941 1857 Statio
959 1799 1060 1857 Prisco
1083 1815 1131 1856 res
1154 1796 1228 1858 bene
1252 1815 1316 1857 esse
1340 1803 1439 1875 gestas

304 1912 392 1984 atque
417 1909 562 1970 Artaxata
591 1915 679 1987 capta
706 1913 797 1972 tradit
824 1911 1043 1990 Capitolinus,¹)
1075 1913 1261 1988 delatumque
1285 1917 1329 1972 est
1370 1914 1437 1974 tL.

303 2025 380 2086 Vero
404 2029 433 2087 et
443 2027 543 2086 Marco
565 2045 670 2086 nomeu
687 2026 863 2106 Armeniaci,
885 2026 963 2102 quod
986 2027 1035 2085 ille
1059 2026 1176 2102 quidem
1193 2028 1289 2086 statim
1314 2029 1437 2108 accepit,

244 2163 248 2168 ·
302 2141 419 2200 Marcus
440 2143 536 2217 primo
559 2145 725 2202 recusatum
748 2145 851 2219 postea
874 2141 989 2202 demum
1012 2145 1130 2216 petente
1153 2141 1243 2202 fratre
1267 2140 1437 2224 suscepit.)

304 2256 402 2331 Atque
439 2257 602 2316 Armeniam
639 2260 754 2331 captam
785 2272 849 2314 esse
883 2273 959 2314 auno
990 2256 1052 2313 163
1087 2272 1239 2314 ιιιιιιιοιιιιιι
1273 2257 1437 2316 testimonio

304 2374 429 2430 constat.
468 2371 574 2430 Exstat
595 2372 671 2430 enim
694 2387 799 2428 numus
829 2366 922 2428 Marci
952 2369 1002 2429 illo
1033 2388 1108 2429 auno
1131 2387 1265 2449 excusus,
1277 2371 1299 2446 3)
1327 2373 1355 2430 in
1379 2390 1437 2448 quo

302 2488 397 2562 imago
420 2486 568 2546 Victoriae
590 2485 781 2561 ingredientis
805 2485 922 2560 depicta
944 2488 998 2563 est,
1023 2488 1111 2560 atque
1134 2485 1164 2544 in
1188 2485 1222 2544 L.
1245 2486 1316 2546 Veri
1339 2490 1433 2546 numis

302 2599 340 2657 ad
369 2584 491 2660 eundem
518 2619 627 2660 anuum
657 2599 871 2676 pertinentibus
902 2594 1071 2659 Armeniaci
1100 2616 1204 2658 nomeu
1234 2597 1342 2676 legitur
1364 2621 1431 2662 oon·
1511 2649 1514 2652 .

301 2709 485 2790 spicitu1·que
508 2711 665 2774 Armeniae
684 2710 780 2791 imago
804 2710 885 2773 humi
908 2709 1046 2793 sedentis,
1069 2710 1158 2774 armis
1181 2711 1287 2791 patriis
1311 2711 1431 2775 circum-

300 2829 397 2908 datae,
420 2825 569 2889 siuistram
585 2827 654 2890 navi
681 2826 895 2906 imponentur)
928 2831 1083 2890 Praeterea
1103 2826 1154 2890 illo
1178 2849 1253 2890 anuo
1276 2835 1432 2906 utrumque

299 2939 464 3020 principem
492 2940 596 3005 iterum
627 2941 832 3021 imperatorem
859 2961 924 3004 esse
954 2944 1136 3019 appellatum
1166 2913 1318 3004 rumorum
1348 2943 1429 3004 testi-

299 3147 420 3216 μόρφου
448 3152 551 3219 λαιροῦ
577 3153 627 3214 οἷς
652 3157 711 3202 τῶν
736 3146 930 3218 κοντοφόρων
956 3145 1039 3212 ἕκτος
1066 3147 1206 3218 ἱστοριῶν
1229 3151 1430 3220 Παρθικῶν);

299 3239 313 3299 5
333 3235 368 3290 15
397 3236 574 3306 (Κρεπέρῃος
599 3238 846 3304 Καλπουρνιανὸς
870 3236 1156 3303 Πομπηϊουπολίτης
1186 3238 1354 3304 συνέγραψε
1378 3241 1429 3290 ιον

299 3321 431 3391 πόλεμον
449 3323 507 3373 τῶν
526 3325 716 3391 Παρθυαίων
734 3330 784 3373 και·
802 3322 968 3391 Ῥωμαίων,
988 3321 1028 3378 οἷς
1046 3321 1230 3390 ἐπολέμησαν
1250 3325 1324 3390 προς
1344 3321 1429 3386 α’λλιί-

297 3410 375 3471 λους,
403 3408 564 3479 α’ρξσίμενος
584 3409 674 3466 ου’θιλς
689 3406 936 3478 iuratorupre'rou),¹
950 3405 1196 3476 §32(quqrplov
1210 3409 1430 3476 Σαγαλασσέως

296 3494 535 3564 Παρθονικικά),

404 3588 432 3657 1)
452 3586 541 3655 Capit.
560 3585 609 3639 rit.
628 3583 714 3638 Marci
733 3599 757 3637 c.
777 3584 801 3652 9,
821 3583 845 3636 1.

402 3679 431 3745 2)
450 3677 563 3743 Fronto,
592 3675 627 3728 ad
646 3675 751 3728 Verum
770 3673 832 3727 Ill
859 3673 898 3741 (p.
922 3671 971 3726 121
991 3670 1096 3740 Nabar)
1121 3670 1190 3725 haec
1218 3670 1326 3725 scribit:
1360 3670 1427 3738 „sed

294 3776 387 3819 arcem
406 3765 537 3819 munitam
557 3769 585 3818 et
611 3763 743 3816 invictam
774 3766 803 3816 ot
829 3759 1082 3829 inexpugnabilem,
1114 3775 1186 3829 quae
1214 3760 1242 3812 iu
1270 3759 1361 3813 fratris
1386 3761 1426 3813 tui

294 3857 408 3922 pectore
434 3854 487 3908 sita
510 3858 561 3921 est,
589 3853 624 3905 ad
652 3866 753 3904 nomen
772 3848 933 3904 Armeniaci
957 3849 1033 3918 quod
1056 3853 1235 3902 recusaverat
1253 3848 1426 3915 sumendum,

295 3943 358 4011 quis
378 3942 448 3996 alius
467 3957 549 4011 qnam
568 3946 607 4008 tu,
633 3945 680 3994 aut
703 3938 804 4008 quibus
829 3938 890 3991 aliis
915 3942 946 3990 tu
976 3952 1057 4006 quam
1076 3936 1251 4005 eloquentiae
1271 3936 1360 4004 copiis
1379 3935 1425 3988 ad-

294 4036 373 4084 ortus
393 4030 459 4085 es?“
1170 4082 1171 4086 ,

400 4121 429 4186 3)
447 4116 554 4172 Eolrhel
573 4117 608 4171 D.
627 4133 653 4170 n.
673 4115 728 4169 VH
747 4133 774 4184 p.
787 4119 835 4183 503
855 4114 952 4171 Oohen
970 4113 999 4168 11
1018 4130 1043 4167 ιι.
1058 4114 1122 4180 747;
1142 4111 1191 4165 cfr.
1211 4128 1236 4165 ιι.
1257 4113 1317 4166 mu.

399 4208 428 4276 4)
447 4205 554 4260 Eckhel
573 4207 607 4260 D.
626 4223 652 4258 n.
672 4206 727 4259 VII
746 4222 773 4273 p.
793 4207 836 4260 90.
856 4203 953 4259 Cohen
971 4204 1013 4257 III
1036 4219 1063 4257 n.
1087 4206 1111 4256 2.
1135 4204 1161 4256 3.
1184 4202 1228 4255 46.
1246 4201 1289 4255 47.
1310 4201 1370 4256 237.
1389 4229 1423 4239 -

292 4297 369 4363 Quae
382 4295 533 4350 llokhelius
553 4293 703 4360 concludit,
722 4293 848 4346 navalem
868 4291 1012 4345 victoriam
1031 4291 1059 4344 in
1077 4289 1219 4357 Euphrate
1238 4287 1348 4342 flumine
1362 4305 1423 4357 par-

291 4392 347 4442 tam
367 4400 437 4454 esse,
456 4384 503 4436 vix
523 4382 724 4440 affirmaverim.

608 4575 622 4620 t
