3308 5190
826 560 862 620 74

281 739 375 806 Dacia
397 741 599 804 adminstrato
622 723 745 803 Romam
781 761 846 804 eum
863 759 928 804 esse
951 739 1126 826 proiectum,
1166 747 1199 804 ut
1231 740 1414 803 consulatum
1501 817 1507 830 ι

281 857 381 922 iniret.
406 858 488 932 Quae
512 878 577 918 oum
602 854 644 918 ita
668 858 735 937 sint,
759 853 864 919 titulus
889 856 919 918 O.
944 857 968 916 Ι.
993 858 1203 918 111111412
1228 854 1323 920 medio
1338 875 1417 918 anno

282 980 346 1038 160
370 980 508 1036 exaratus
531 969 648 1034 videtur
671 990 746 1036 csso.
794 968 928 1033 Gratiam
956 967 1032 1033 enim
1063 970 1194 1033 referunt
1224 973 1322 1051 legato
1345 991 1414 1056 pro-

281 1087 433 1170 vinciales,
457 1089 524 1150 (lum
548 1083 704 1172 provincia
727 1083 777 1148 ille
808 1087 984 1148 decessurus
1014 1091 1068 1147 cst.
1113 1087 1149 1147 In
1178 1105 1291 1147 summa
1319 1082 1417 1162 gratia

280 1211 377 1268 autem
400 1209 429 1266 et
452 1204 625 1265 auctoritate
649 1201 741 1263 fuisse
764 1197 856 1282 illum,
881 1203 948 1263 dum
973 1199 1157 1285 provinciam
1178 1197 1414 1280 administrabat,

281 1319 421 1399 colligere
448 1321 517 1380 licet
542 1315 630 1380 etiam
661 1337 698 1378 ex
720 1314 805 1379 titulo
826 1315 917 1378 Orell.
943 1321 1026 1378 3367
1043 1316 1114 1378 =O.
1143 1318 1167 1380 Ι.
1191 1317 1226 1377 L.
1250 1317 1293 1376 Ill
1318 1319 1415 1394 1177,

197 1456 201 1462 ·
280 1435 331 1497 ubi
348 1437 516 1498 celebratur
535 1431 585 1494 ille
604 1450 744 1516 „praeses
759 1434 979 1509 dignissimus“.
1004 1429 1123 1509 Atquid
1143 1428 1224 1493 dices
1248 1433 1284 1491 de
1295 1427 1418 1506 reliquis

280 1547 407 1631 titulis1)
455 1553 484 1610 et
518 1544 595 1632 ipsis
634 1544 762 1626 Daciois,
802 1545 851 1607 ubi
889 1545 1065 1608 Saturninus
1109 1554 1199 1618 „o0s“
1228 1543 1417 1623 appellatur?
1471 1585 1478 1592 -

281 1667 437 1726 Hennenus
461 1661 582 1740 quidem
595 1662 618 1742 ²)
632 1667 790 1746 postquam
814 1659 908 1723 vetuit
927 1667 957 1723 te
976 1658 1167 1747 interpretari
1192 1663 1414 1734 „consularem

282 1776 379 1840 ——sic
403 1774 480 1839 enim
504 1777 733 1862 posteademum
747 1778 860 1855 legatos
884 1774 1042 1838 Daciarum
1065 1779 1233 1862 appellatos
1249 1795 1315 1839 esse
1324 1776 1348 1859 ³)
1374 1811 1415 1820 -

282 1890 471 1955 Saturninum
496 1893 559 1952 vult
584 1891 735 1953 absentem
764 1891 862 1953 fasces
885 1889 1024 1972 gessisse,
1058 1912 1122 1954 oum
1156 1894 1271 1970 legatus
1302 1887 1416 1952 Daciae

283 2015 370 2072 esset.
417 2009 474 2070 Sed
498 2010 555 2068 hoo
578 2013 622 2067 cst
644 2003 794 2084 singulare
817 2005 992 2085 minimeque
1014 2005 1086 2069 mihi
1109 2009 1263 2092 probatur.
1309 2007 1416 2066 Nonne

286 2127 377 2185 multo
419 2124 481 2184 veri
505 2119 640 2202 similius,
679 2119 955 2206 aprovinoialibns
982 2105 1076 2183 ¹illum
1110 2119 1256 2184 hominem
1284 2117 1418 2200 g1·atIssi·

283 2260 360 2300 mum
395 2231 579 2300 etiamtunc
609 2234 705 2298 titulis
741 2238 921 2298 celebratum
957 2257 1031 2319 esse,
1064 2257 1129 2298 cum
1167 2235 1226 2298 iam
1259 2233 1416 2321 provincia

283 2355 386 2415 relicta
417 2355 601 2413 consulatum
641 2349 763 2413 inisset?
787 2387 829 2396 —-
852 2355 956 2430 Itaque
996 2356 1021 2414 si
1056 2354 1245 2433 concesseris,
1281 2347 1414 2412 Saturni-

282 2489 350 2530 num
375 2466 404 2529 in
427 2467 521 2530 titulis
553 2471 742 2544 conspicuum
776 2474 805 2528 et
827 2470 909 2530 illum
941 2491 958 2530 a
993 2470 1124 2531 Luciano
1159 2473 1415 2531 commemoratum

282 2586 404 2646 errndem
429 2601 503 2664 esse,
533 2585 574 2642 ita
597 2601 644 2644 res
668 2584 857 2644 diiudicanda
885 2586 1017 2666 videtur,
1040 2589 1072 2645 ut
1095 2582 1191 2646 Dacia
1220 2585 1324 2646 rollota
1347 2603 1413 2644 con-

282 2701 379 2760 sulatu
406 2700 516 2759 Itoniae
549 2697 680 2758 functum
715 2698 745 2757 in
768 2695 998 2782 orientemcum
1015 2694 1136 2760 missum
1166 2718 1230 2760 esse
1254 2703 1368 2760 statuas
1378 2697 1417 2780 4).

451 2789 453 2794 ’
621 2817 651 2889 a)
680 2815 732 2874 ne
756 2813 888 2874 rravto
911 2815 1080 2874 riurano.

386 2924 536 2988 Titianum
562 2947 632 2988 vero
655 2949 673 2988 a
697 2925 829 2989 Lucieno
853 2929 1034 2989 nominatum
1069 2929 1193 2989 eundem
1222 2911 1287 2990 csse
1316 2924 1417 2989 eristi-

283 3061 328 3101 mo
352 3061 387 3102 ac
409 3042 591 3119 praefectum
616 3042 745 3120 Aegypti
768 3044 804 3104 dc
827 3063 885 3119 quo
908 3045 969 3120 agit
985 3045 1087 3103 titulus
1111 3044 1231 3120 quidam
1254 3042 1417 3124 Graecus5)

282 3177 358 3218 anno
383 3158 422 3216 Vl
445 3159 537 3217 Marci
561 3160 756 3237 imperatoris,
789 3158 818 3218 h.
845 3178 922 3219 e.-a.
952 3177 983 3235 p.
1008 3159 1075 3220 (ihr.
1100 3162 1173 3240 166,
1201 3163 1348 3220 exaratus.
1374 3193 1416 3202 -

280 3273 342 3332 lam
366 3277 482 3332 exstant
514 3273 593 3333 tituli
623 3273 754 3332 nonnulli
782 3274 873 3334 latina
902 3275 1003 3351 lingua
1032 3271 1199 3354 expressit)
1228 3274 1266 3334 ad
1297 3273 1417 3334 Flavios

282 3387 423 3463 quosdam
448 3387 583 3446 Titianos
614 3387 804 3466 pertinentes,
843 3404 917 3462 quos
953 3406 1024 3449 cave
1061 3406 1098 3447 ne
1122 3387 1294 3448 confundas.
1341 3391 1417 3456 Tres

281 3504 356 3562 enim
379 3504 434 3561 viri
458 3503 537 3562 illius
559 3503 685 3562 nominis
709 3499 835 3582 fuerunt,
860 3521 934 3579 quos
958 3507 1073 3564 constat
1087 3505 1211 3564 diuersis
1235 3507 1415 3581 temporibus

390 3657 417 3724 1)
436 3657 466 3711 C.
480 3657 506 3710 J.
519 3660 550 3711 L.
564 3657 680 3712 111943.
696 3657 771 3711 1177.
786 3658 864 3713 1460.

388 3747 415 3813 2)
435 3749 528 3799 annot.
548 3745 583 3798 ad
596 3744 679 3800 Orcll.
693 3747 763 3801 3666
783 3746 859 3814 (Vol.
873 3746 915 3800 III
928 3763 954 3815 p.
968 3747 1041 3814 386).

387 3835 416 3902 3)
435 3832 504 3887 Inde
525 3848 541 3886 a
562 3833 597 3886 M.
611 3833 728 3887 Aurelio
753 3832 899 3888 Antonino
917 3833 1033 3888 Daciam
1052 3833 1140 3888 fuisso
1158 3836 1330 3904 proviaciam
1348 3854 1413 3893 con·

280 3921 399 3976 sulutem
423 3920 547 3975 ostendit
571 3920 676 3990 Borgh.
701 3921 802 3976 Ocuvr.
826 3923 896 3977 VIII
920 3940 947 3992 p.
966 3927 1020 3981 480
1038 3941 1113 3996 sqq.;
1133 3925 1182 3980 cfr.
1202 3925 1405 3997 Marqusrdt,l

280 4027 307 4079 p.
322 4011 381 4064 164.
395 4041 428 4049 -
442 4010 507 4064 Vid.
521 4009 640 4077 Capitol.
659 4008 708 4062 vit.
727 4008 813 4063 Marci
832 4025 893 4078 cap.
912 4015 955 4067 22.

385 4100 415 4166 4)
434 4097 483 4151 cfr.
503 4097 573 4152 Noiil
593 4097 627 4151 de
646 4097 781 4165 Vergers,
799 4096 817 4150 l.
831 4114 855 4151 c.
869 4114 896 4166 p.
910 4101 952 4154 35.

386 4186 414 4253 5)
434 4186 465 4240 G.
479 4185 505 4240 J.
520 4185 553 4239 G.
565 4186 635 4241 4701
656 4182 733 4252 (Vid.
752 4184 814 4239 infr.
825 4186 881 4240 Tit.
892 4203 917 4241 n.
929 4189 984 4256 64).

386 4277 414 4342 6)
434 4275 464 4329 O.
478 4274 504 4328 J.
518 4277 549 4328 L.
563 4274 674 4330 114118
693 4298 725 4322 =
739 4273 817 4328 Grut.
838 4277 931 4344 413,1
953 4299 984 4322 =
1006 4276 1159 4346 61111474,
1181 4279 1197 4333 5
1216 4278 1285 4347 (vid.
1304 4279 1414 4334 titulum

280 4363 351 4418 infra
370 4381 395 4417 n.
415 4364 476 4431 55),
496 4363 566 4417 (1.1.
580 4364 607 4417 Il
625 4365 710 4431 40763
730 4362 771 4415 III
790 4365 875 4431 5164;
894 4365 979 4434 51723
998 4366 1132 4422 llurstori
1150 4367 1177 4420 Il
1196 4382 1260 4438 pag.
1271 4367 1415 4438 CllXVII,

279 4456 295 4507 9
315 4451 382 4520 (vid.
396 4451 492 4505 titulos
511 4450 583 4505 infra
601 4469 627 4504 n.
647 4453 773 4522 66-58.)

1408 3987 1415 4015 7
