3308 5190
857 522 893 582 86

312 692 376 760 cusi
399 704 476 781 sunt,
500 694 565 777 ipso
588 700 665 762 bello
689 699 864 762 Armeniaco
886 703 1025 764 Parthico
1049 703 1156 764 iamdiu
1188 701 1331 785 conlecto,
1355 719 1448 781 saepe
1521 689 1524 694 ⁵

311 833 408 875 neruum
432 819 520 875 antea
542 820 694 892 gestarum
718 818 859 878 memoria
882 819 1035 895 repetitur.

760 1057 933 1143 Appendix
958 1057 994 1126 il.

441 1217 487 1272 oe
505 1218 734 1283 cognominibus
753 1219 791 1274 utu
804 1220 1045 1289 imperatoribus
1058 1220 1141 1276 bello
1160 1221 1307 1277 Parthico

801 1320 949 1386 acceptis.

418 1466 577 1530 Meministi
600 1489 691 1547 supra
713 1473 875 1548 pollicitum
906 1491 951 1533 mc
975 1490 1040 1533 esse
1070 1473 1106 1532 de
1135 1472 1230 1532 titulis
1254 1467 1372 1547 utrique
1393 1473 1447 1531 im-

311 1587 441 1661 peratori
464 1586 583 1646 honoris
607 1604 697 1646 carisa
720 1587 827 1647 oblatis
849 1589 1014 1647 accuratius
1038 1586 1149 1662 aliquid
1172 1605 1328 1661 exponere.

416 1701 486 1760 Iam
501 1700 626 1759 diximus
639 1701 670 1780 ¹),
701 1702 779 1762 bello
803 1703 977 1762 Armenisco
1001 1706 1030 1761 et
1052 1702 1190 1762 Parthico
1214 1705 1370 1777 utrumque
1390 1696 1449 1760 sibi

312 1810 506 1892 acquisivisse
528 1816 646 1874 nominu
669 1816 887 1876 Armeniaci
921 1816 1096 1876 Parthici
1131 1817 1282 1875 Maximi
1305 1815 1450 1876 Medici

294 1926 438 2028 ,patris
476 1931 639 2006 patriae.
699 1928 781 2001 Quae
824 1932 941 1990 nomina
979 1948 1037 2006 quo
1075 1933 1205 2006 tempore
1238 1930 1382 1990 attributa
1418 1935 1449 1990 et

312 2046 453 2123 quamdiu
468 2047 499 2104 in
521 2045 672 2104 titulorum
696 2063 815 2105 numero
832 2048 950 2105 servate
971 2047 1040 2124 sint,
1063 2061 1195 2103 nummos
1213 2049 1242 2105 et
1264 2045 1364 2104 titulos
1382 2062 1448 2104 cum

310 2161 485 2240 respexeris,
508 2164 540 2219 ut
563 2162 658 2236 primo
682 2165 804 2237 aspectu
827 2158 946 2219 difficile
970 2176 1155 2237 cognoscere,
1187 2160 1229 2218 ita
1260 2160 1449 2219 accuratiore

310 2273 508 2354 disputatione
532 2275 679 2352 explicare
703 2293 810 2352 operae
833 2275 960 2350 pretium
982 2273 1109 2332 ridetur.
1170 2337 1173 2352 ,

415 2391 434 2468 ξ
459 2394 488 2449 1.
535 2390 632 2465 Atque
657 2393 688 2449 ut
712 2391 836 2465 primum
865 2389 901 2448 de
931 2387 1149 2448 Armeniaci
1171 2389 1286 2448 nomine
1312 2406 1446 2467 agamus,

312 2501 493 2580 Capitolinus
516 2505 544 2562 in
568 2506 631 2562 vita
654 2505 745 2562 Marci
764 2505 837 2563 haec
850 2503 940 2562 tradit
949 2499 1226 2580 ²):.„delatumque
1239 2501 1444 2562 Armeniacum

310 2636 415 2678 nomeu
439 2613 557 2694 utrique
580 2619 755 2695 principum.
803 2616 888 2689 Quod
910 2619 1027 2676 Marcus
1050 2633 1104 2694 per
1132 2618 1337 2677 verecundiam
1349 2619 1445 2694 primo

310 2734 486 2811 recussavit,
510 2736 615 2809 postea
636 2736 733 2792 tamen
756 2729 958 2808 1·ecepit“.-
976 2733 1106 2791 Marcum
1130 2733 1220 2808 igitur
1243 2737 1311 2808 post
1334 2733 1444 2794 Verum

310 2843 461 2924 accepisse
483 2849 602 2907 nomine
631 2847 787 2925 intellegis,
825 2844 960 2922 idemque
995 2845 1122 2906 efficitur
1150 2865 1187 2906 ex
1215 2846 1280 2906 loco
1315 2847 1444 2922 quodam

310 2961 468 3022 Frontonis
499 2963 623 3022 oratoris
633 2960 674 3044 3);
708 2982 774 3022 nam
804 2962 912 3022 Verum
947 2960 1030 3021 fratri
1061 2963 1245 3037 persuasisse
1283 2961 1333 3021 ille
1364 2963 1443 3042 dicit,

308 3081 341 3136 ut
363 3095 467 3137 nomen
490 3077 583 3153 primo
604 3081 769 3137 recusatum
794 3079 950 3154 acciperet.

417 3192 455 3251 Ut
477 3209 524 3252 res
548 3192 676 3252 dilucida
713 3192 765 3252 fiat
787 3195 971 3269 requiramus
998 3208 1101 3251 numos
1135 3195 1224 3267 atque
1258 3193 1352 3267 primo
1377 3192 1442 3252 illos

311 3323 385 3383 quos
408 3303 526 3365 exhibet
549 3305 719 3366 Ecklrelius.
765 3307 828 3366 Hos
859 3308 884 3366 si
911 3306 1147 3386 perlustraveris,
1182 3307 1217 3365 L.
1249 3306 1356 3366 Verum
1386 3304 1442 3365 Ar·

307 3421 470 3481 meuiucum
494 3437 526 3479 se
550 3419 716 3495 appellasse
740 3439 899 3498 cognosces
922 3421 990 3481 inde
1014 3420 1050 3479 ab
1076 3439 1152 3479 anno
1176 3418 1285 3501 163⁴),
1309 3421 1442 3480 Marcum

305 3553 377 3596 vero
400 3553 475 3595 anno
500 3534 614 3594 demum
637 3539 769 3594 vertente
795 3533 903 3617 164⁵).
951 3534 1048 3607 Quare
1070 3538 1219 3611 permotus
1244 3534 1441 3611 Eckheliusssi

307 3645 476 3726 suspicetur
499 3649 615 3725 utrique
638 3651 764 3726 principi
787 3655 911 3711 exeunte
934 3669 1010 3710 anno
1028 3653 1236 3710 163asenatu
1259 3667 1441 3710 nomenesse

412 3851 440 3921 1)
458 3867 523 3922 pag.
541 3854 574 3909 31
595 3868 617 3907 s.

411 3942 439 4008 2)
458 3941 507 3994 rit.
527 3941 611 3995 Marci
631 3958 654 3996 o.
675 3946 691 3998 9
710 3942 769 3997 init.

239 4099 244 4109 ⁵
410 4032 439 4099 3)
458 4029 494 4083 ad
513 4029 617 4085 Verum
635 4031 672 4100 ΙΙ,
683 4031 697 4083 1
718 4032 794 4100 (pag.
814 4033 864 4086 121
884 4031 998 4099 Naber).
1025 4062 1058 4070 -
1077 4031 1173 4086 Verbs
1194 4030 1282 4087 habes
1307 4048 1392 4102 supra
1410 4051 1438 4104 p.

304 4120 338 4176 22
356 4119 431 4188 (aun
451 4120 488 4186 2).

410 4207 440 4276 4)
410 4205 515 4261 ovid.
533 4220 644 4259 numos:
664 4204 772 4261 Eckhel
790 4208 846 4261 VH
864 4209 947 4276 pso
965 4221 1027 4275 sqq.

408 4293 703 4438 5)Μ.ρ.ωΜ.

410 4381 572 4454 6)ibid..p
