3280 5190
850 565 886 634 36

304 753 487 833 tellegendus
508 753 625 817 videtur
648 756 770 816 Martius
793 755 899 837 Verus,
932 775 1018 834 quem
1040 757 1093 818 illa
1114 759 1211 820 aetate
1233 756 1440 837 Cappadociae

305 871 475 948 provinciae
497 868 663 947 praefuisse
682 868 760 931 infra
782 872 1045 933 demonstrabimus
1054 873 1087 948 ¹).

407 987 567 1046 Praeterea
578 987 608 1045 in
630 1003 782 1047 numerum
800 1003 903 1064 regum
926 987 963 1048 de
986 988 1095 1064 quibus
1118 989 1199 1066 apud
1211 988 1406 1065 Capitolinum
1414 985 1440 1070 ²)

304 1101 413 1161 mentio
445 1105 489 1163 est
518 1097 664 1162 referendi
695 1099 821 1162 fortasse
846 1106 915 1163 sunt
938 1099 1105 1164 Osrhoenes
1133 1104 1181 1164 vel
1204 1103 1336 1165 Edessae
1358 1099 1438 1181 prin-

308 1215 389 1293 cipes
412 1235 537 1293 quorum
548 1217 677 1277 amicitia
698 1217 856 1298 Romanos,
880 1216 949 1277 dum
964 1217 1072 1278 bellam
1090 1217 1259 1300 gerebatur,
1282 1236 1352 1279 usos
1374 1235 1440 1281 essa

307 1349 459 1391 numerum
481 1349 654 1409 graecorum
677 1333 843 1393 testimonio
865 1333 896 1393 ui
919 1331 1008 1394 fallor
1026 1330 1168 1415 elacati).

411 1445 470 1507 Sed
492 1451 525 1507 ut
546 1449 578 1507 at
599 1447 766 1523 provincias
787 1451 974 1508 transeamus
997 1466 1072 1524 quas
1095 1449 1248 1510 L.Verum
1270 1447 1347 1508 bello
1370 1468 1439 1511 con·

307 1561 385 1624 lecto
414 1563 566 1622 comitibus
603 1563 664 1622 suis
698 1562 857 1624 tradidisse
894 1563 997 1624 scribit
1028 1559 1212 1641 Capitolinus
1223 1561 1259 1644 ⁴),
1298 1563 1438 1640 imprimis

305 1679 443 1740 videntur
471 1678 688 1755 intellegendae
719 1675 909 1754 Cappadocia
939 1681 968 1738 et
991 1675 1088 1758 Syria,
1120 1695 1195 1753 quas
1224 1677 1342 1753 quidem
1371 1697 1437 1755 pro·

305 1796 419 1855 viucias
441 1793 519 1854 bello
534 1793 673 1852 Parthico
693 1792 854 1868 composito
877 1791 1097 1853 administratas
1119 1809 1186 1852 esse
1210 1793 1345 1853 aMartio
1360 1792 1438 1854 Vero

306 1913 336 1970 et
358 1908 396 1969 ab
418 1907 524 1969 Avidio
548 1906 648 1968 Cassio
670 1908 734 1968 veri
756 1910 800 1969 est
822 1907 1009 1968 simillimum.

410 2024 454 2084 De
476 2023 698 2102 Mesopotamia,
738 2041 825 2098 quam
847 2027 917 2083 tuuc
940 2026 1057 2099 captam
1080 2020 1197 2099 quidem
1218 2039 1284 2083 esse
1311 2026 1436 2102 coastat,

305 2136 377 2214 quid
407 2133 516 2198 factum
545 2139 592 2217 sit,
627 2155 773 2214 nusquam
807 2137 879 2196 satis
910 2137 1066 2213 perspicue
1097 2137 1252 2198 indicatur.
1300 2137 1377 2198 Sane
1406 2139 1437 2196 in

305 2253 386 2314 Sexti
401 2251 468 2312 Rufi
490 2253 637 2312 breviario
660 2251 748 2312 obvia
770 2255 839 2310 suot
861 2252 936 2311 haec
958 2250 1050 2312 verba
1058 2252 1098 2326 ⁵):
1124 2251 1196 2322 „sad
1219 2257 1287 2328 post
1309 2252 1436 2313 subdu-

304 2370 413 2429 toninis
436 2367 561 2446 duobus,
596 2368 697 2427 Marco
720 2370 749 2426 et
771 2366 859 2446 Vero,
894 2385 929 2426 ac
958 2366 1065 2427 Severo
1095 2367 1243 2427 Pertinaci
1272 2368 1436 2443 ceterisque

304 2481 487 2559 principibus
516 2483 665 2559 Romanis,
698 2481 749 2557 qui
779 2480 934 2541 adversum
958 2480 1084 2540 Parthos
1114 2485 1221 2541 eventu
1244 2483 1327 2543 vario
1350 2483 1432 2542 dimi-

304 2602 419 2676 carunt,
443 2600 549 2672 quator
572 2597 690 2675 amissa,
713 2598 819 2671 quater
840 2597 960 2671 recepta
976 2595 1188 2672 Mesopotamia
1210 2599 1288 2656 est“.
1314 2630 1355 2640 -
1379 2597 1434 2656 His

304 2716 441 2773 accurate
462 2710 651 2788 perlustratis
678 2715 786 2770 terram
816 2710 897 2770 illam
919 2714 990 2770 tuuc
1012 2710 1108 2770 denuo
1130 2711 1160 2769 in
1184 2712 1356 2786 provinciae
1378 2713 1434 2772 Ro-

303 2847 406 2889 manae
429 2826 554 2888 tormam
576 2843 641 2886 esse
663 2825 813 2885 redactam
839 2824 982 2885 concedes
1003 2825 1160 2901 Petero?⁶)
1195 2825 1338 2902 Equidem
1362 2825 1434 2885 illud

299 2945 473 3006 contendere
495 2944 545 3002 vix
569 2943 672 3021 ausim,
703 2941 879 3017 praesertim
907 2959 972 3001 cum
1000 2941 1094 3000 titulis
1117 2959 1240 3018 prorsus
1265 2959 1430 3022 careamus,

300 3077 337 3119 ex
364 3058 472 3135 quibus
510 3058 546 3119 de
575 3059 772 3118 Romanorum
802 3055 972 3132 provinciae
1008 3055 1262 3117 administratione
1292 3052 1431 3118 certiores

299 3171 504 3182 --.-—--———

406 3229 434 3296 1)
452 3226 536 3281 Initio
559 3225 625 3281 belli
650 3226 727 3280 Arm.
751 3225 845 3280 Parth.
864 3242 923 3282 rem
941 3225 1015 3281 illam
1035 3227 1170 3282 accidisse
1194 3229 1254 3282 vult
1272 3229 1431 3288 Tillemonts

298 3313 463 3385 M.·Aurele‚
488 3319 538 3372 art.
557 3314 607 3384 VI,
626 3315 690 3370 Vol.
704 3315 739 3384 11,
759 3331 786 3384 p.
808 3317 870 3385 347,
889 3315 981 3370 medio
999 3314 1067 3371 balli
1085 3320 1211 3384 tempore
1230 3316 1350 3372 Galitzin
1368 3318 1386 3373 l.
1405 3335 1431 3374 c·

296 3422 324 3474 p.
338 3405 398 3461 134.
411 3436 445 3444 —
458 3402 596 3473 Equidem
615 3409 764 3472 utrumque
783 3403 831 3457 vix
849 3403 1035 3473 probaverim.
1049 3435 1083 3459 -.
1096 3405 1140 3459 De
1158 3405 1258 3459 Martio
1277 3407 1355 3460 Vero
1373 3407 1430 3463 vid.

296 3494 371 3562 App.
390 3494 462 3548 114.

404 3580 620 3651 ἣπῦώα

403 3673 431 3740 3)
450 3669 557 3726 Eckhel
575 3671 609 3724 D.
628 3686 655 3725 n.
673 3669 716 3724 III
728 3686 755 3740 p.
768 3671 821 3725 506
839 3684 900 3739 sqq.
914 3701 948 3710 —
960 3669 1003 3725 De
1016 3668 1060 3726 his
1072 3670 1164 3725 numia
1176 3670 1233 3726 vid.
1247 3672 1430 3741 appendicem

298 3775 380 3830 quam
399 3759 588 3815 dissertationi
606 3764 719 3815 nostrae
738 3759 920 3813 annexuimus
939 3759 1021 3829 (IVS
1052 3761 1072 3829 ).

402 3835 430 3918 5)
448 3846 569 3903 breviar.
594 3864 617 3902 c.
642 3850 684 3903 14.
720 3848 753 3901 In
777 3852 910 3903 contextu
935 3847 1085 3903 verborum
1110 3863 1214 3918 sequor
1238 3848 1304 3904 edit.
1328 3850 1429 3906 Wand.

294 3937 437 3993 anrsteri
456 3938 494 4007 (V
495 3935 591 3991 indob.
605 3937 682 4005 1874,
695 3951 760 4006 pag.
774 3929 843 4006 14).Δ

401 4029 430 4097 6)
448 4027 529 4081 Rbm.
543 4024 644 4082 Gcsch.
656 4025 718 4096 111³,
737 4041 801 4095 pag.
815 4027 876 4082 566.
888 4055 923 4065 -
940 4026 1071 4081 Ceterum
1089 4025 1217 4096 plerique
1237 4032 1360 4097 censent,
1379 4027 1427 4084 illo

293 4122 420 4186 tempore
432 4115 661 4184 Mesopotamiam
679 4115 707 4170 in
727 4114 1041 4183 provinciaoRomanae
1060 4115 1176 4168 formam
1195 4130 1258 4170 esse
1270 4116 1427 4172 redactam:

294 4207 344 4262 etr.
362 4207 481 4275 Kiepert
497 4219 563 4274 pag.
583 4205 649 4272 1543
673 4203 752 4273 uoci,
768 4204 848 4257 Essai
866 4219 894 4272 p.
913 4205 956 4259 57.
975 4233 1009 4243 —
1028 4203 1191 4273 Marquardt
1209 4204 1234 4272 (I
1250 4221 1277 4272 p.
1297 4207 1348 4260 279
1368 4206 1427 4275 fin.)

294 4295 362 4366 quid
386 4295 440 4350 sibi
463 4293 593 4350 videatur
618 4309 673 4347 non
697 4293 765 4346 satis
783 4291 905 4347 dilucide
925 4293 1063 4361 exposuit.
1083 4323 1116 4331 -
1137 4292 1266 4362 Denique
1285 4293 1335 4348 cfr.
1354 4310 1427 4363 quae

294 4384 444 4454 explicavit
462 4382 620 4451 Tillemout,
639 4380 752 4452 V01.11‚
775 4378 942 4450 M.·Aurble,
960 4387 1012 4436 art.
1024 4382 1094 4435 VIII
1112 4398 1140 4450 p.
1153 4383 1220 4450 3533
1239 4379 1289 4435 cfr.
1305 4380 1426 4438 Reimar.

293 4474 338 4530 ed.
357 4473 440 4527 Dion.
458 4472 488 4526 11
506 4487 532 4540 p.
553 4471 631 4540 1178,
649 4485 712 4524 aun.
731 4470 767 4524 ad
785 4470 831 4524 lin.
851 4471 893 4526 30.
