3308 5190
792 575 828 634 ⁷6

241 749 411 827 praefectos
433 751 562 831 Aegypti
585 752 686 834 luisse,
714 755 939 830 imperatoribus
973 757 1090 832 quidem
1113 755 1264 816 Hadriano
1275 751 1308 835 ¹),
1333 755 1372 813 M.

242 864 367 926 Aurelio
390 865 539 928 Antonino
548 865 584 950 ²),
608 867 761 930 Caracalla
771 869 805 950 ³).
852 869 899 930 Ad
927 872 1067 946 postremi
1099 888 1184 946 quem
1213 869 1373 929 nominavi-

238 997 307 1041 mus
329 982 515 1059 imperatoris
545 987 669 1045 aetatem
695 987 829 1059 spectare
858 984 994 1044 videntur
1016 985 1074 1044 duo
1097 981 1173 1044 tituli
1203 978 1330 1059 Hispani
1338 982 1372 1062 ⁴).

235 1093 296 1154 Hic
317 1097 368 1171 qui
392 1101 634 1159 commemoratur
661 1099 780 1158 Flavius
804 1099 941 1159 Titianus
968 1103 1056 1159 autea
1084 1097 1140 1159 fuit
1169 1099 1226 1175 leg.
1256 1116 1302 1174 pr.
1327 1115 1373 1173 pr.

237 1227 324 1286 pror.
349 1212 509 1289 Hispaniae
532 1214 762 1276 Tarraconensis
786 1217 815 1275 et
829 1215 988 1291 proconsul
1012 1233 1095 1291 prov.
1121 1212 1239 1273 Africae
1248 1210 1281 1294 ⁵).
1307 1212 1374 1274 Sine

238 1325 331 1387 dubio
354 1327 430 1388 alius
453 1332 498 1389 est
518 1333 692 1406 procurator
713 1329 851 1407 Belgicae
870 1333 900 1390 et
917 1329 1093 1406 Aquitaniae
1104 1333 1126 1404 i)
1150 1334 1180 1389 et
1202 1331 1375 1405 procurator

238 1442 384 1523 Norieilg
401 1461 468 1504 nam
480 1444 638 1521 dignitates
651 1446 849 1520 procuratoris
863 1451 891 1507 et
905 1447 1088 1521 proconsulis
1102 1445 1178 1506 iuter
1190 1462 1221 1504 se
1234 1444 1320 1520 plene
1333 1442 1375 1501 di·

239 1575 347 1619 versae
369 1556 497 1641 erantfl).
523 1593 564 1604 —
589 1559 647 1620 Sed
672 1559 751 1636 quod
775 1559 812 1619 ad
836 1565 964 1620 nostram
1003 1561 1204 1636 quaestionem
1238 1559 1375 1636 pertinet,

240 1677 380 1753 nonest,
404 1675 517 1756 opinor,
542 1693 594 1736 cur
623 1673 804 1751 praefectum
834 1675 966 1752 Aegypti
997 1677 1026 1735 iu
1056 1675 1142 1736 titulo
1173 1673 1285 1734 Graeco
1309 1690 1375 1733 cou-

240 1790 376 1866 spieuum
410 1790 533 1851 eundem
567 1807 633 1852 esse
667 1796 756 1868 atque
780 1792 927 1851 Titianum
964 1791 1045 1850 illum
1085 1791 1167 1850 cuius
1202 1789 1377 1849 mentionem

241 1902 316 1965 facit
338 1900 488 1966 Lucienus
511 1906 650 1984 belloque
673 1907 810 1968 Parthico
834 1924 900 1967 eum
923 1903 1094 1967 inte1iuisse
1117 1905 1294 1982 denegemus
1304 1904 1339 1986 9).

324 2144 356 2232 3)
379 2149 431 2211 De
454 2150 491 2210 Τ.
515 2149 718 2212 Caesennio
742 2145 871 2211 Statio
895 2148 1074 2223 Quinctio
1097 2150 1300 2211 Macedone

696 2289 935 2364 Quinctiano.

349 2456 484 2517 Dubitari
507 2462 604 2518 autem
627 2461 725 2534 potest
746 2457 782 2519 de
806 2460 951 2520 sententia
978 2477 1066 2535 quam
1089 2452 1242 2518 Reuierius
1253 2453 1289 2537 10)
1313 2473 1378 2532 pro·

246 2569 314 2630 tulit
337 2569 373 2631 de
396 2571 432 2632 Τ.
456 2571 612 2634 Caesennio
634 2574 728 2646 Statiu
751 2573 889 2647 Quinctio
902 2575 1062 2636 Macedone
1084 2572 1271 2651 Quinctiano,
1296 2571 1380 2632 cuius

247 2686 365 2745 nomina
386 2687 501 2766 integra
524 2688 615 2748 habes
638 2691 668 2748 in
690 2690 774 2750 titulo
798 2691 923 2768 quodam
931 2685 1039 2751 Albani
1062 2686 1202 2771 eruto¹¹),
1227 2688 1381 2749 decurtata

248 2804 344 2862 autem
377 2803 407 2861 in
428 2803 514 2863 titulo
537 2777 723 2880 Aquileiensi
733 2803 780 2887 ¹²),
820 2807 944 2883 denique
967 2807 1103 2867 restituta
1125 2806 1156 2865 in
1179 2805 1264 2865 tertio
1297 2803 1382 2863 titulo

250 2931 336 2990 quem
361 2914 456 2986 „iuter
478 2915 684 2993 Aquileienses
707 2918 839 2978 rettulit“
862 2919 1116 2994 Mommsenusw).
1152 2917 1250 2996 Atque
1265 2919 1383 2978 nomina

358 3121 385 3189 1)
404 3136 427 3175 a.
452 3139 480 3191 p.
499 3122 563 3178 cnr.
588 3126 639 3181 126
665 3141 700 3181 ex
722 3126 804 3180 titulo
828 3126 913 3181 latino
932 3127 1086 3182 Memnonis
1112 3127 1223 3180 colosso
1248 3126 1382 3193 iuscn’pto

250 3209 411 3280 (Letronne‚
435 3211 463 3265 la
487 3215 550 3266 stat.
569 3229 631 3267 voc.
657 3214 692 3269 de
715 3215 853 3283 Memnon,
879 3233 905 3284 p.
927 3217 978 3272 134
998 3241 1031 3263 =
1049 3216 1119 3271 (1.1.
1138 3219 1170 3270 L.
1189 3215 1298 3283 11141;
1326 3212 1382 3268 vid.

249 3295 359 3352 titulum
378 3314 404 3352 n.
424 3300 471 3367 533
490 3301 579 3354 Franz
598 3301 629 3355 0.
643 3302 669 3356 J.
683 3302 716 3356 G.
729 3303 771 3357 lll
784 3320 810 3371 p.
824 3304 897 3372 312).

358 3389 386 3455 2)
405 3389 558 3444 secundum
577 3391 618 3444 tit.
638 3391 669 3447 O.
681 3392 708 3446 J.
722 3392 754 3448 G.
770 3394 850 3450 4701.

358 3478 387 3545 3)
406 3477 455 3533 cfr.
475 3479 529 3534 Dio
549 3481 626 3535 Cass.
646 3482 724 3550 77‚21
745 3484 829 3550 (anno
848 3501 875 3552 p.
895 3481 958 3538 Chr.
978 3485 1030 3539 215
1049 3483 1094 3537 vel
1114 3479 1184 3549 216).

359 3566 389 3635 4)
408 3567 439 3621 C.
451 3568 478 3623 J.
491 3571 523 3622 L.
536 3570 647 3626 114118
660 3575 688 3625 ct
699 3573 785 3639 4076;
806 3572 856 3626 cfr.
869 3573 1011 3628 Huebncr.
1031 3571 1058 3626 iu
1077 3575 1170 3626 annot.
1191 3571 1226 3625 ad
1235 3572 1314 3627 4118.

358 3654 388 3722 5)
406 3655 560 3710 secundum
578 3658 619 3712 tit.
639 3659 670 3714 G.
684 3659 711 3714 J.
725 3663 756 3714 L.
769 3661 892 3715 114118.

359 3743 388 3812 6)
406 3744 540 3799 limatori
559 3746 576 3800 l.
596 3763 619 3801 c.

361 3833 389 3900 7)
408 3832 439 3887 0.
452 3833 479 3888 J.
492 3835 579 3889 LIII
597 3837 675 3891 5164.
694 3837 772 3893 5172.

361 3921 390 3989 8)
410 3919 458 3975 cir.
476 3923 566 3978 Franz
584 3924 602 3978 l.
622 3941 660 3994 c.3
678 3925 847 3996 Hirschfeld,
866 3928 945 3981 Rdm.
960 3923 1285 3994 Verwaltungsgesch.l.
1304 3924 1364 3978 241.

362 4011 392 4078 9)
410 4008 460 4066 cfr.
472 4010 631 4084 Tillemont,
649 4014 712 4070 hist.
732 4015 766 4071 de
778 4031 874 4086 semp,
896 4015 1062 4086 M.·Aurdle,
1082 4015 1178 4069 article
1191 4015 1241 4084 VI,
1260 4011 1388 4080 (Tomll

365 4189 411 4258 10)
429 4187 573 4261 Melanges
593 4189 782 4261 d'epigraphie
802 4208 829 4260 p.
849 4195 891 4250 79.

364 4277 409 4346 ῙῙ)
428 4277 610 4335 0101153781·
981 4301 996 4402 ι
1032 4297 1139 4351 Horum
1162 4293 1305 4349 titulonrm
1328 4293 1390 4362 ipse

364 4366 410 4434 12)
429 4366 460 4422 C.
473 4367 500 4422 J.
513 4369 545 4422 L.
558 4369 585 4422 V
598 4369 650 4424 866
668 4393 690 4418 =
708 4367 792 4425 Orelli
803 4369 873 4426 3780
1068 4367 1156 4422 rerba
1167 4366 1224 4421 uid.
1243 4364 1315 4419 infra
1327 4381 1353 4418 n.

364 4456 410 4526 13)
429 4455 460 4511 c.
473 4456 499 4511 u.
514 4459 545 4510 s.
558 4457 585 4510 v
597 4458 650 4515 acu
983 4409 995 4504 A
1176 4440 1290 4497 ⁶³0*ss2·
