3280 5190
315 709 342 796 a.
368 739 442 796 166.
478 736 618 797 Consules
641 740 702 797 tum
727 735 843 798 fuerunt
866 738 931 813 ipso
948 737 1136 814 diplolomate
1158 741 1233 798 teste
1256 739 1295 798 M.
1310 738 1458 797 Vibius

314 851 510 912 Liberalis
539 854 573 911 P.
597 853 760 912 Martius
787 852 918 913 Verus.
963 853 994 913 Si
1022 854 1150 932 quaeris,
1191 854 1223 911 hi
1252 854 1308 911 viri
1336 851 1458 928 quibus

314 967 461 1028 mensibus
484 965 581 1027 fasces
604 967 766 1046 gesserint,
796 971 825 1028 11
855 968 985 1044 relegere
1015 967 1101 1028 iubeo
1131 968 1246 1028 titulum
1270 968 1457 1028 Perusinum

314 1083 459 1160 quendam
469 1083 499 1162 ¹),
524 1101 582 1159 quo
605 1081 738 1161 efficitur,
762 1082 799 1141 de
816 1083 920 1142 Martio
944 1086 1033 1159 atque
1050 1082 1146 1160 Aprili
1161 1103 1187 1143 a.
1207 1086 1269 1143 166
1294 1083 1456 1143 mensibus

313 1215 378 1258 esse
401 1197 597 1275 cogitandum.
651 1197 730 1273 Ergo
753 1187 817 1256 hoc'
832 1201 963 1273 tempore
986 1199 1178 1275 imperatores
1202 1198 1361 1258 honoribus
1384 1198 1454 1257 illis

313 1317 467 1373 veteranos
491 1312 684 1391 donaverunt,
716 1312 941 1388 appellaturque
965 1314 1082 1373 Marcus
1106 1314 1297 1373 Armeniacus
1320 1316 1452 1393 tantum,

313 1427 348 1487 L.
385 1427 480 1488 Verus
520 1432 615 1488 autem
660 1427 850 1488 Armeniacus
879 1429 1047 1503 Par(tbicns
1085 1429 1250 1509 Maximus),
1316 1428 1453 1488 nondum

313 1544 454 1603 Medicus.
483 1578 524 1586 -
552 1543 617 1603 lam
640 1543 708 1604 inde
731 1562 749 1602 a
772 1543 829 1623 die,
860 1561 918 1619 quo
946 1544 1124 1620 triumphum
1151 1548 1284 1624 egerunt,
1319 1548 1452 1620 uterque

312 1659 470 1735 imperator
493 1661 614 1719 ornatur
636 1659 802 1718 nominibus
824 1658 905 1718 Arm.
928 1660 1029 1718 Parth.
1055 1661 1133 1719 Max.
1158 1660 1252 1719 Med:
1277 1661 1319 1719 ita
1342 1659 1450 1737 legun·
1479 1629 1483 1636 Ι

312 1777 412 1834 turin
435 1774 520 1835 titulo
542 1775 707 1854 Romanoi)
731 1778 798 1834 ante
821 1773 897 1834 diem
920 1747 961 1834 X.
973 1774 1012 1833 K.
1026 1773 1106 1850 Sept.
1131 1793 1157 1834 a.
1183 1777 1245 1834 166
1271 1775 1415 1850 composit
1439 1819 1447 1834 .

314 1890 396 1963 Quae
408 1908 473 1950 cum
489 1890 530 1948 ita
541 1890 611 1968 sint,
635 1889 813 1964 triumphum
830 1889 906 1948 inter
922 1905 1049 1949 mensem
1063 1889 1197 1949 Martium
1221 1887 1286 1969 (seu
1298 1887 1448 1970 Aprilem)

313 2008 342 2065 11
364 2005 446 2064 illum
470 2003 596 2080 Augusti
618 2004 694 2064 diem
717 2007 812 2063 actum
837 2020 901 2063 esse
926 2007 1024 2064 nostro
1047 2004 1111 2064 iure
1135 2004 1346 2064 contendimus.
1385 2004 1447 2065 Ne-

313 2137 370 2196 que
393 2122 461 2180 ante
484 2120 620 2180 Martium
644 2136 771 2180 mensem
796 2120 902 2179 Verum
925 2120 1045 2178 Romam
1070 2120 1227 2180 revertisse
1257 2118 1325 2177 inde
1355 2117 1446 2180 affici-

311 2238 359 2294 tur
382 2234 461 2310 quod
483 2235 514 2292 in
537 2234 696 2310 diplomate
726 2235 776 2293 illo
809 2241 931 2310 „proc.“
961 2230 992 2314 (i.
1017 2251 1043 2293 e.
1068 2230 1238 2316 proconsul)
1279 2235 1446 2294 nominatur

311 2351 410 2426 itaque
440 2353 524 2410 extra
552 2365 650 2408 muros
679 2351 825 2428 versatur,
864 2349 981 2407 Marcus
1009 2366 1079 2408 vero
1108 2349 1217 2408 Romae
1248 2353 1443 2409 commoratus

312 2465 364 2525 illa
386 2464 584 2541 appellatione
600 2461 724 2546 caret-⁹¹).
759 2497 799 2506 -—
832 2461 967 2524 Ceterum
988 2467 1120 2524 vertente
1148 2483 1224 2524 anno
1253 2465 1442 2524 1661111111·

311 2581 402 2658 phum
426 2595 490 2639 esse
513 2577 645 2637 habitum
669 2578 748 2636 numi
771 2596 887 2653 quoque
910 2578 1026 2639 docent.
1073 2578 1195 2640 Accedit
1223 2579 1302 2655 quod
1326 2579 1444 2656 (lapito-

310 2693 421 2775 111111)
451 2695 485 2754 L.
509 2693 619 2754 Verum
649 2697 719 2752 tunc
748 2695 867 2769 petiisse
891 2693 990 2773 tradit,
1033 2698 1065 2754 ut
1092 2694 1185 2754 Marci
1215 2693 1268 2753 filii
1299 2693 1442 2754 Caesares

311 2810 539 2887 appellarentur.
586 2807 773 2870 Commodum
796 2813 894 2868 autem
914 2809 1022 2869 scimus
1045 2810 1122 2868 inter
1145 2807 1285 2871 Caesares
1310 2825 1375 2870 esse
1397 2828 1443 2870 re·

313 2929 429 3002 ceptum
453 2944 480 2984 a.
506 2927 568 2985 166
594 2923 730 2986 Octobris
754 2925 862 2985 mensis
885 2925 932 2985 die
955 2925 1012 2984 XII
1022 2921 1056 3006 ⁵).

417 3041 552 3117 Denique
575 3040 662 3101 liceat
686 3041 838 3119 adnotare,
863 3039 1021 3100 Eusebium
1044 3057 1161 3115 quoqne
1182 3041 1361 3116 triumphum
1385 3039 1443 3100 col-

308 3156 406 3216 locare
428 3157 459 3214 in
482 3127 561 3215 anno
580 3157 672 3216 Marci
695 3156 880 3233 imperatoris
903 3160 998 3235 sexto,
1022 3153 1052 3213 h.
1078 3172 1103 3214 e.
1125 3173 1155 3230 p.
1180 3153 1250 3214 0111.
1276 3154 1384 3238 1666).

416 3310 444 3377 1)
463 3309 547 3364 Orelli
558 3310 644 3377 40383
663 3308 697 3363 de
710 3307 764 3362 boc
775 3323 887 3378 quoque
898 3307 977 3362 titulo
998 3311 1097 3376 postea
1115 3322 1232 3377 agemus
1248 3308 1335 3377 (App.
1350 3309 1442 3377 1114).

416 3399 444 3466 2)
464 3397 548 3453 Orelli
560 3398 612 3452 874
626 3419 658 3442 =
673 3396 703 3451 (1.
717 3398 743 3451 J.
760 3399 792 3450 L.
806 3397 922 3452 171360.
959 3397 1024 3464 lpsa
1043 3396 1130 3450 verba
1148 3396 1221 3450 tituli
1240 3394 1327 3452 habes
1340 3397 1369 3452 in
1387 3398 1441 3453 fine

310 3485 396 3540 libelli
414 3485 468 3540 mei
488 3485 555 3553 (Tit.
575 3501 601 3539 n.
621 3486 681 3553 23);
701 3483 751 3539 cfr.
764 3484 840 3552 App.
859 3484 886 3538 V
904 3489 918 3550 5
939 3487 963 3538 2.

415 3575 444 3642 3)
463 3575 506 3629 De
531 3572 745 3642 imperatoribus
773 3570 906 3626 Romanis
937 3571 1049 3625 nomine
1081 3571 1256 3639 proconsulis
1287 3572 1442 3642 insignibus

309 3663 366 3716 vid.
386 3678 457 3732 quae
477 3662 609 3730 exposuit
627 3663 823 3729 Mommsenus,
841 3661 921 3714 Rom.
940 3655 1112 3714 Staatsreebt
1130 3661 1156 3713 11
1175 3663 1212 3728 2²,
1230 3675 1294 3730 pag.
1313 3662 1364 3717 753
1383 3660 1443 3728 (nbi

309 3754 438 3819 exempla
455 3749 542 3804 babes
561 3766 595 3805 ex
614 3749 701 3803 titulis
721 3749 883 3816 desumpta:
909 3751 1001 3801 annot.
1012 3747 1057 3816 4);
1076 3746 1143 3801 ibid.
1162 3763 1188 3815 p.
1209 3748 1268 3803 769.
1288 3751 1392 3816 (annot.
1405 3750 1443 3817 3).

308 3857 335 3909 p.
349 3841 410 3895 161.
429 3857 455 3909 p.
468 3839 521 3895 810
534 3854 594 3908 sqq.
604 3867 638 3877 —
652 3837 708 3893 011.
723 3853 793 3907 qnae
807 3836 882 3892 idem
894 3837 937 3890 rir
950 3835 1128 3890 doctissimus
1142 3836 1286 3890 adnotavit
1304 3837 1442 3907 adipsum
1555 3851 1558 3860 ’

308 3928 430 3998 diploma
449 3927 484 3982 de
503 3943 559 3996 quo
577 3926 712 3981 diximus:
732 3925 802 3995 Eph.
823 3925 912 3995 epigr.
925 3925 961 3994 11,
982 3925 1059 3994 1875,
1072 3939 1137 3994 pag.
1147 3925 1208 3995 463,
1228 3928 1321 3980 annot.
1335 3929 1359 3981 1.

413 4019 443 4086 4)
462 4017 510 4070 vit.
530 4016 614 4070 Marc.
629 4017 670 4084 12,
684 4018 710 4070 8.

414 4107 442 4173 5)
461 4107 571 4172 Lampr.
591 4103 640 4158 vit.
660 4103 764 4158 Comm.
778 4103 881 4172 11,13:
903 4100 1082 4168 „Nominatus
1101 4099 1175 4156 inter
1188 4101 1324 4156 Caesares
1344 4107 1442 4172 quarto

307 4193 403 4248 iduum
422 4191 582 4247 Octobrium
600 4191 728 4246 Pudente
747 4196 775 4245 et
793 4190 920 4244 Pollione
940 4191 1064 4257 conss.“;
1084 4187 1266 4259 cfr.o.1,10.

415 4283 443 4349 6)
462 4279 566 4335 Euseb.
585 4279 649 4334 Vol.
668 4281 703 4348 II,
723 4296 751 4347 p.
772 4279 824 4334 170
843 4277 980 4333 Schoene.
1000 4307 1033 4317 —
1052 4276 1211 4332 Notandum
1231 4284 1274 4334 est
1291 4277 1443 4334 Eusebium

309 4369 413 4438 optime
437 4367 594 4422 consentire
619 4384 682 4421 cum
707 4367 741 4421 iis
766 4381 838 4437 quae
865 4364 976 4420 aliunde
1002 4365 1196 4435 comperimus,
1221 4384 1284 4421 cum
1309 4366 1344 4422 de
1363 4368 1442 4423 initio

306 4457 373 4516 belli
401 4456 518 4530 aliisque
546 4456 631 4515 rebus
658 4455 866 4530 chronologicis
897 4453 1045 4513 dissentire
1076 4469 1138 4511 eum
1169 4470 1253 4530 snpra
1282 4456 1442 4514 viderimus·
