3280 5190
777 591 813 650 45

331 767 408 842 Quid
430 771 541 847 igitur?
564 772 686 832 Dionem
709 773 843 849 sequeris
866 789 903 830 an
927 771 1088 846 epistulas?
1111 772 1358 834 sententiamvul·

228 886 325 958 getam
349 887 437 960 atque
458 885 530 944 viris
552 887 659 962 prioris
687 889 792 949 aetatis
822 887 996 947 doctissimis
1025 887 1176 962 probatam
1207 906 1244 946 au
1268 887 1357 947 Wad-

228 995 373 1073 dingtonii
395 1000 560 1075 opinionem
584 1003 712 1063 novam?
736 1003 775 1063 Ut
796 1020 844 1063 res
864 1002 959 1082 plana
988 999 1049 1080 fiat,
1073 1019 1231 1078 componas
1255 1002 1357 1062 ordine

227 1114 390 1188 temporam
414 1117 502 1190 atque
519 1116 615 1176 animo
639 1117 868 1193 comprehendas
882 1135 958 1193 quae
982 1114 1065 1198 Dio¹)
1089 1117 1181 1176 tradit
1202 1116 1239 1176 de
1268 1116 1357 1178 rebus

228 1230 297 1302 post
324 1227 358 1286 L.
384 1228 452 1288 Veri
482 1229 592 1290 obitum
619 1232 728 1308 gestis:
765 1231 961 1309 proficiscitur
983 1233 1100 1292 Marcus
1124 1231 1154 1290 in
1176 1231 1357 1290 Pannoniam

227 1341 297 1401 belli
319 1361 384 1403 oum
407 1345 622 1406 Marcomannis
645 1351 675 1407 et
696 1347 858 1424 Jazygibus
879 1345 1002 1424 gerendi
1025 1363 1124 1425 carisa,
1144 1345 1238 1422 primo
1261 1345 1357 1405 dubiis

227 1458 346 1533 proeliis
360 1463 449 1535 atque
472 1461 591 1521 incertis
614 1458 746 1522 victoriis
770 1480 831 1523 rem
846 1463 933 1540 gerit,
958 1464 1061 1538 postea
1084 1460 1192 1521 devicit
1213 1459 1357 1520 barbaros

227 1573 401 1649 titulumque
423 1575 530 1651 accipit
553 1574 727 1637 Germanici.
773 1577 848 1636 Tum
865 1577 920 1638 Dio
944 1580 1081 1637 enarrata
1104 1574 1309 1636 Bucolicorum
1327 1575 1355 1634 in

228 1686 365 1763 Aegypto
376 1686 545 1771 seditione²)
567 1691 664 1768 pergit
678 1692 708 1750 in
725 1690 919 1752 describendo
935 1690 1012 1751 bello
1025 1689 1216 1751 Germanico:
1240 1687 1359 1790 dimicat

228 1803 345 1861 Marcus
362 1820 427 1862 cum
444 1801 566 1885 Quadis,
591 1805 698 1881 quibus
715 1806 838 1866 devictis
852 1807 1007 1883 septimum
1020 1804 1186 1880 appellatur
1196 1803 1360 1880 Imperator

228 1917 356 1992 itemque
389 1917 531 1980 Faustina
564 1939 669 1982 nomen
708 1920 820 1981 obtinet
852 1916 954 1982 matris
991 1933 1153 1980 castrorum
1163 1915 1198 1999 ³).
1255 1919 1359 1979 Denuo

228 2028 370 2090 rebellant
399 2030 527 2110 Jaayges
557 2037 646 2110 atque
675 2035 740 2111 ipso
770 2034 846 2095 bello
876 2035 1003 2095 instante
1032 2038 1127 2094 motus
1156 2032 1267 2094 Cassii·
1286 2051 1358 2093 nun·

230 2141 361 2227 tiaturi).

335 2260 400 2321 Hoc
420 2260 509 2338 igitur
530 2279 615 2338 quem
639 2261 847 2338 descripsimus
875 2263 977 2322 ordine
1005 2263 1061 2324 Dio
1091 2255 1183 2322 tradit
1212 2277 1260 2321 res
1294 2279 1361 2323 esse

228 2370 337 2442 gestas.
390 2366 451 2426 Iam
475 2367 580 2428 docent
609 2366 734 2450 numil),
765 2370 906 2450 Marcum,
935 2373 1090 2446 postquam
1122 2390 1198 2435 auno
1228 2395 1258 2451 p.
1290 2374 1359 2438 cur.

230 2482 292 2541 169
317 2483 420 2542 iterum
443 2482 585 2542 adversus
608 2484 830 2544 Marcomannos
854 2485 1012 2545 exercitum
1035 2489 1135 2567 movit,
1160 2509 1186 2549 a.
1212 2493 1274 2550 172
1289 2491 1359 2552 Ger-

230 2597 336 2656 manioi
358 2596 443 2657 titulo
462 2615 528 2658 esse
549 2596 717 2680 omatnm‘i)
737 2603 826 2674 atque
844 2599 1010 2674 insequenti
1023 2619 1098 2661 anuo
1121 2599 1223 2685 (174),
1248 2602 1359 2677 Quadis

230 2709 304 2772 fusis
326 2711 503 2792 fugatisque,
526 2712 735 2789 Imperatorem
754 2709 935 2789 appellatum
959 2715 1113 2791 septimum
1122 2714 1156 2798 7).
1202 2720 1265 2777 Pax
1288 2737 1359 2780 vero

231 2844 295 2886 eum
324 2826 486 2903 Jaaygibus
509 2826 588 2887 facta
618 2831 650 2886 ut
673 2827 845 2888 Cassianum
875 2831 985 2887 motum
1015 2831 1171 2913 antecedit,
1201 2833 1243 2893 ita
1266 2833 1361 2895 Dione

231 2941 333 3023 testei)
358 2941 480 3002 devictis
503 2941 618 3001 demum
643 2940 755 3015 Quadis
780 2946 825 3002 est
848 2942 1012 3004 conciliata.

338 3056 440 3117 Addas
484 3075 559 3134 quae
590 3075 626 3117 ex
654 3057 720 3118 aliis
751 3057 943 3133 scriptoribus
979 3058 1016 3119 de
1051 3063 1182 3135 tempore
1204 3058 1362 3121 Cassianae

232 3172 381 3233 seditionis
404 3177 529 3250 possunt
552 3172 661 3249 colligi.
689 3207 717 3214 -
749 3172 839 3233 Teste
860 3172 1031 3248 Lampridio
1058 3172 1233 3234 Commodus
1263 3177 1362 3250 togam

231 3286 344 3346 virilem
383 3288 498 3364 accepit
531 3286 566 3347 e'o
601 3290 741 3364 tempore,
775 3303 834 3361 quo
867 3284 985 3355 (lassior
1021 3287 1219 3369 rebellavitl’),
1255 3289 1363 3348 Pisone

339 3519 367 3588 1)
386 3517 440 3572 Dio
459 3519 501 3587 71,
520 3534 544 3573 c.
564 3521 582 3575 3
600 3533 660 3588 sqq.

338 3609 367 3677 2)
385 3606 452 3662 ibid.
472 3624 496 3662 c.
514 3608 540 3662 4.

338 3697 367 3765 3)
385 3695 452 3751 ibid.
472 3713 496 3750 c.
516 3698 551 3752 10
568 3701 638 3752 extr.

338 3786 367 3854 4)
385 3784 453 3840 ibid.
472 3802 496 3840 c.
516 3786 558 3841 17.

339 3877 367 3944 5)
385 3873 492 3930 Eckhel
510 3875 544 3929 D.
563 3892 589 3929 n.
609 3876 664 3929 VII
683 3892 710 3944 p.
730 3879 773 3932 58.

338 3967 367 4033 6)
386 3963 454 4019 ibid.
473 3981 499 4033 p.
519 3966 553 4020 59
573 3979 594 4019 s.

339 4051 453 4121 ninid.
472 4069 500 4121 p.
518 4055 562 4108 61.

339 4144 367 4210 8)
386 4142 441 4196 Dio
461 4142 503 4212 71,
523 4159 546 4196 c.
566 4142 608 4199 13.
628 4143 671 4198 16.
692 4143 734 4199 17.

340 4231 369 4298 9)
387 4231 527 4299 Lamprid.
550 4230 599 4284 vit.
619 4231 724 4287 Comm.
744 4247 767 4286 c.
788 4233 813 4300 2,
833 4233 862 4286 2:
893 4228 1023 4298 „indutus
1048 4235 1138 4285 autem
1161 4231 1231 4299 toga
1249 4234 1293 4284 est
1309 4231 1364 4286 No·

235 4334 330 4373 narum
354 4319 490 4374 luliarum
514 4317 569 4390 die,
672 4324 700 4375 st
727 4335 761 4376 eo
790 4323 915 4389 tempore
944 4335 1001 4390 quo
1027 4319 1141 4380 Cassius
1166 4320 1298 4376 allarco
1317 4318 1364 4374 de-

236 4407 340 4462 scivit.“
